4256 5730
660 539 691 616 6
1005 522 1046 610 0
1073 519 1106 610 P
1133 519 1174 612 U
1203 521 1229 607 S
1258 520 1296 610 C
1324 519 1366 609 U
1392 522 1428 610 L
1450 521 1495 612 U
1523 523 1569 608 M

654 638 847 735 moveri,
877 658 966 752 quae
990 641 1148 727 minore
1162 656 1331 754 agantur
1348 641 1414 736 ria
1443 635 1618 727 fiautern
1627 641 1723 729 bine
1735 635 1914 756 pendula
1933 693 1937 700 ·

658 757 805 848 eodem
822 777 1008 870 tempore
1022 752 1295 845 oscillationes
1308 779 1503 872 peragant
1517 751 1629 853 suas,
1656 785 1745 874 quae
1758 757 1918 868 idcirce

655 871 1170 991 isoehronaappellentur‚
1198 869 1381 991 lnaequnli
1395 869 1914 990 auternlongitudinefint,

648 987 792 1084 illud,
821 989 935 1108 quod
966 989 1127 1109 longius
1152 992 1240 1084 eli,
1268 994 1471 1106 gravitate
1496 995 1660 1106 urgeri,
1689 991 1836 1107 quaein
1851 1019 1919 1076 ea·

654 1112 750 1200 dem
766 1113 924 1200 ratione
940 1105 988 1194 fit
1001 1111 1155 1218 major.
1185 1112 1276 1196 Nee
1290 1105 1484 1198 lucteffus
1511 1101 1657 1195 fefellit
1669 1105 1803 1224 lpem.
1833 1109 1920 1192 Re·

654 1224 804 1344 greli‘us
814 1222 1097 1315 enirnParilios
1106 1223 1164 1312 ita
1175 1225 1403 1314 breuiorem
1411 1222 1580 1342 penduli
1591 1219 1798 1313 isocbroni
1810 1249 1919 1310 men·

655 1344 982 1439 intaminvenitt
1012 1365 1061 1429 ut
1074 1345 1108 1430 is
1122 1343 1286 1456 quidem
1301 1341 1352 1431 de
1366 1340 1640 1460 inaequalitate
1652 1341 1862 1458 grauitatis
1875 1338 1919 1426 itt

655 1455 819 1551 diverlls
829 1458 966 1548 Terrae
982 1459 1084 1546 locis
1097 1459 1283 1548 dubitare
1297 1463 1467 1548 omnino
1481 1487 1565 1549 non
1578 1453 1737 1576 posset.

451 1603 564 1662 nrm
595 1603 649 1660 aa·
722 1603 791 1688 13.
850 1579 930 1665 Rei
945 1579 1101 1665 novitas
1123 1572 1349 1664 universam
1374 1575 1922 1695 perculitlitterariamrent·

413 1699 537 1835 {¹¹52}ss
551 1691 897 1816 ’ffipublicam
922 1715 1044 1810 atque
1068 1697 1300 1784 commovit
1315 1697 1466 1782 mirum
1492 1697 1537 1780 in
1553 1695 1752 1787 modurn,
1782 1691 1920 1780 multis

412 1837 567 1895 vastante
582 1856 639 1899 eoa.
658 1811 732 1900 sub
753 1813 920 1897 initium
945 1813 1213 1900 abnuentibus
1238 1867 1252 1904 t
1282 1813 1441 1902 &aliis
1470 1808 1751 1914 Observatoris
1780 1811 1919 1904 vitio.

414 1912 534 1982 Μ’·
658 1927 928 2018 tribuentibus
955 1926 1263 2040 phaenomenurn
1277 1985 1291 2022 ‚
1305 1925 1392 2014 aliis
1407 1926 1556 2014 caloris
1574 1932 1615 2018 vi
1629 1925 1794 2015 metalla
1816 1921 1921 2012 dila·

658 2046 809 2133 tantist
837 2069 910 2130 net
924 2037 1263 2157 debuerunnqui.
1278 2039 1921 2158 observationibusperEuropam

655 2161 865 2250 institutis,
879 2159 1123 2273 gravitatem
1134 2162 1282 2273 ubique
1290 2159 1484 2276 aequalem
1497 2156 1537 2248 le
1553 2157 1738 2250 invenili'e
1752 2153 1920 2276 profite-

657 2298 825 2378 rentur;
853 2305 949 2366 curn
972 2277 1164 2364 nimirum
1195 2279 1244 2364 iis
1273 2277 1478 2366 methodis
1502 2335 1516 2374 ,
1545 2306 1633 2394 qnae
1664 2301 1753 2366 turn
1779 2277 1824 2361 in
1849 2270 1921 2362 usu

652 2387 1139 2508 erantminusperfene.
1168 2398 1279 2508 &pe
1360 2396 1477 2489 lite,
1506 2399 1695 2511 exiguum
1705 2388 1922 2479 discrimen

657 2531 743 2600 tarn
764 2513 920 2624 exiguis
938 2509 1128 2598 lotorum
1143 2514 1279 2599 interr
1320 2511 1370 2602 lis
1393 2514 1581 2604 debitunt
1592 2537 1839 2630 nequaquam
1852 2508 1924 2595 de·

656 2627 961 2742 prehenderent
978 2691 990 2712 .
1022 2631 1128 2714 Hinc
1142 2629 1443 2719 observationes
1472 2628 1605 2719 multo
1621 2628 1921 2718 accuratiores·

657 2749 706 2834 δε
721 2745 1041 2832 accuratioribus
1053 2746 1326 2836 instrumentis
1338 2749 1532 2838 instituta
1544 2749 1636 2835 sunt
1649 2750 1692 2832 in
1736 2745 1921 2834 lusimis,

653 2863 699 2950 δι
714 2858 936 2948 admodum
949 2860 1091 2949 diffitis
1105 2863 1242 2952 Terrae
1256 2864 1391 2962 locis,
1419 2894 1589 2984 querum
1612 2775 1804 2952 conllnsu
1816 2853 1924 2946 illud

651 2973 1091 3086 jamcertodefinitutn
1106 2979 1323 3079 babemus,
1350 2984 1653 3102 gravitatisvim
1668 2984 1710 3066 in
1724 2977 1924 3068 aliis'l'er·

651 3091 983 3190 telonearium,
1013 3097 1064 3185 ab
1076 3124 1282 3216 aequatore
1308 3101 1356 3191 ad
1370 3099 1492 3219 polos
1521 3100 1655 3214 augeri
1682 3093 1925 3232 fereperpe·

656 3231 733 3300 tuo
760 3240 774 3303 s
803 3205 888 3296 fere
915 3213 1116 3325 inquam,
1145 3249 1237 3304 nam
1264 3223 1306 3304 in
1331 3221 1491 3334 exiguis
1515 3211 1743 3306 intervallis
1764 3231 1926 3325 exiguas

655 3323 837 3440 quaedam
864 3325 1072 3415 anomalia
1095 3329 1483 3443 deprehenduntur,
1512 3361 1603 3444 quae
1632 3334 1821 3416 tamenin
1838 3354 1927 3411 rna·

654 3441 813 3549 ionibus
838 3441 1040 3530 distantiis
1061 3443 1306 3534 evanescunt
1331 3447 1420 3538 ita,
1450 3445 1543 3533 utsr
1566 3446 1659 3530 bina
1684 3441 1926 3530 effumantur

653 3555 792 3654 loca,
878 3589 996 3674 orum
1022 3558 1127 3648 alter
1153 3563 1289 3652 multo
1315 3565 1443 3678 tnagis
1474 3566 1526 3650 ab
1548 3585 1579 3644 et
1610 3584 1752 3650 uetere
1775 3559 1925 3656 distet,

657 3702 777 3788 quam
863 3706 936 3772 er,
964 3680 1146 3796 gravitas
1169 3681 1213 3763 in
1226 3681 1309 3769 hoc
1334 3679 1558 3797 posteriore
1581 3589 1735 3796 lantper
1764 3676 1926 3774 minor,

658 3817 779 3905 quam
793 3795 836 3878 in
848 3792 924 3884 illo
935 3800 1103 3913 priore,
1129 3797 1382 3889 invenietur.

453 3929 647 3994 tetraona-
725 3933 790 4009 14.
849 3911 1027 3999 Detesta
1051 3915 1129 4002 hat
1158 3918 1371 4029 gravitatis
1405 3915 1448 4000 in
1476 3915 1636 4004 diverlis
1662 3913 1795 4002 Terrae
1821 3911 1926 3999 locis

416 4011 553 4149 affl:
572 4013 964 4152 igginaequalitate.
993 4033 1129 4124 aetum
1140 4031 1223 4139 jam
1237 4034 1290 4122 de
1305 4033 1382 4123 illo
1398 4057 1640 4150 argumento
1653 4061 1732 4150 pto
1749 4025 1927 4116 Telluris

418 4167 529 4245 aneu
656 4139 1259 4262 sphaericitateexaequilibrior
1288 4157 1331 4240 Si
1344 4156 1453 4242 enim
1482 4151 1714 4238 aduncum
1736 4167 1925 4231 centrum

650 4261 1001 4374 .gravitastircum
1030 4293 1159 4381 utque
1170 4268 1331 4382 aequalis
1347 4275 1408 4361 ita
1420 4271 1641 4381 dirigitur,
1670 4286 1721 4352 ut
1735 4260 1926 4380 sphaerica

657 4375 751 4466 inde
776 4375 904 4494 figura
926 4408 980 4469 co
1025 4385 1119 4499 equi
1145 4383 1319 4484 debeat,
1349 4409 1468 4508 patet
1495 4383 1688 4481 scillae,
1712 4380 1925 4496 gravitatis

658 4485 777 4611 ipius
789 4496 874 4584 vim
886 4501 1036 4614 ubique
1048 4507 1094 4589 in
1113 4499 1324 4618 superficie
1335 4509 1470 4598 Terrae
1494 4501 1688 4615 aequalem
1709 4496 1786 4586 effe
1801 4495 1923 4584 debe·

657 4635 703 4697 te
722 4617 842 4740 Quo
851 4613 1060 4732 collapso,
1075 4649 1169 4708 cunt
1181 4645 1329 4714 caetera
1340 4627 1411 4714 illa
1421 4623 1561 4713 omnia
1576 4649 1629 4710 ex
1645 4619 1925 4734 antiquiorum

660 4727 1009 4827 obseruationibus
1034 4742 1216 4858 repetita
1231 4740 1354 4860 usqne
1380 4743 1485 4833 adeo
1501 4765 1641 4832 manca
1667 4737 1773 4832 lint,
1803 4732 1925 4934 &tin-

1777 4875 1848 4938 cel'
1870 4874 1922 4940 ²2
