<?xml version="1.0" encoding="UTF-8"?>
<!DOCTYPE html PUBLIC "-//W3C//DTD XHTML 1.0 Transitional//EN"
    "http://www.w3.org/TR/xhtml1/DTD/xhtml1-transitional.dtd">
<html xmlns="http://www.w3.org/1999/xhtml" xml:lang="en" lang="en">
 <head>
  <title>
</title>
<meta http-equiv="Content-Type" content="text/html;charset=utf-8" />
  <meta name='ocr-system' content='tesseract 3.04.00' />
  <meta name='ocr-capabilities' content='ocr_page ocr_carea ocr_par ocr_line ocrx_word'/>
</head>
<body>
  <div class='ocr_page' id='page_1' title='image "./delitterariaexp00boscgoog_0496.png"; bbox 0 0 4144 5784; ppageno 0'>
   <div class='ocr_carea' id='block_1_1' title="bbox 182 521 1772 1568">
    <p class='ocr_par' dir='ltr' id='par_1_1' title="bbox 453 521 1409 652">
     <span class='ocr_line' id='line_1_1' title="bbox 453 521 1409 652; baseline -0.003 -39"><span class='ocrx_word' id='word_1_1' title='bbox 453 527 587 652; x_wconf 77' lang='lat' dir='ltr'>QU</span> <span class='ocrx_word' id='word_1_2' title='bbox 644 529 664 610; x_wconf 96' lang='lat' dir='ltr'>I</span> <span class='ocrx_word' id='word_1_3' title='bbox 721 523 766 611; x_wconf 86' lang='lat' dir='ltr'>N</span> <span class='ocrx_word' id='word_1_4' title='bbox 822 521 859 611; x_wconf 87' lang='lat' dir='ltr'>T</span> <span class='ocrx_word' id='word_1_5' title='bbox 916 523 1145 611; x_wconf 48' lang='lat' dir='ltr'>UMAE</span> <span class='ocrx_word' id='word_1_6' title='bbox 1286 530 1409 631; x_wconf 28' lang='lat'>‘4&#39;73</span> 
     </span>
    </p>

    <p class='ocr_par' dir='ltr' id='par_1_2' title="bbox 182 637 1772 1568">
     <span class='ocr_line' id='line_1_2' title="bbox 239 637 1772 759; baseline -0.007 -23"><span class='ocrx_word' id='word_1_7' title='bbox 239 671 338 759; x_wconf 83' lang='lat'>237.</span> <span class='ocrx_word' id='word_1_8' title='bbox 370 649 600 734; x_wconf 79' lang='lat' dir='ltr'>Neuutonus</span> <span class='ocrx_word' id='word_1_9' title='bbox 624 638 920 755; x_wconf 87' lang='lat' dir='ltr'>censuitprope</span> <span class='ocrx_word' id='word_1_10' title='bbox 948 663 1190 757; x_wconf 81' lang='lat' dir='ltr'>aequrtorem</span> <span class='ocrx_word' id='word_1_11' title='bbox 1207 637 1411 727; x_wconf 55' lang='lat' dir='ltr'>debere)</span> <span class='ocrx_word' id='word_1_12' title='bbox 1427 679 1653 740; x_wconf 61' lang='lat' dir='ltr'>neutrarum·</span> <span class='ocrx_word' id='word_1_13' title='bbox 1770 681 1772 686; x_wconf 47' lang='lat'><strong><em>¹</em></strong></span> 
     </span>
     <span class='ocr_line' id='line_1_3' title="bbox 185 757 1665 894; baseline -0.005 -46"><span class='ocrx_word' id='word_1_14' title='bbox 185 765 415 850; x_wconf 82' lang='lat' dir='ltr'>deufitatem</span> <span class='ocrx_word' id='word_1_15' title='bbox 440 758 512 844; x_wconf 81' lang='lat' dir='ltr'>effe</span> <span class='ocrx_word' id='word_1_16' title='bbox 539 760 676 871; x_wconf 85' lang='lat' dir='ltr'>potius</span> <span class='ocrx_word' id='word_1_17' title='bbox 690 759 884 864; x_wconf 86' lang='lat' dir='ltr'>majorem</span> <span class='ocrx_word' id='word_1_18' title='bbox 912 761 954 840; x_wconf 89' lang='lat' dir='ltr'>in</span> <span class='ocrx_word' id='word_1_19' title='bbox 982 757 1164 872; x_wconf 83' lang='lat' dir='ltr'>partibus</span> <span class='ocrx_word' id='word_1_20' title='bbox 1184 759 1373 841; x_wconf 91' lang='lat' dir='ltr'>nimirum</span> <span class='ocrx_word' id='word_1_21' title='bbox 1392 761 1665 894; x_wconf 48' lang='lat' dir='ltr'>affgbeguoffi</span> 
     </span>
     <span class='ocr_line' id='line_1_4' title="bbox 183 857 1608 991; baseline -0.008 -23"><span class='ocrx_word' id='word_1_22' title='bbox 183 880 278 968; x_wconf 88' lang='lat' dir='ltr'>Sole</span> <span class='ocrx_word' id='word_1_23' title='bbox 296 875 604 991; x_wconf 79' lang='lat' dir='ltr'>quodammodo</span> <span class='ocrx_word' id='word_1_24' title='bbox 619 872 747 958; x_wconf 82' lang='lat' dir='ltr'>veluti</span> <span class='ocrx_word' id='word_1_25' title='bbox 761 874 872 959; x_wconf 83' lang='lat' dir='ltr'>toliis</span> <span class='ocrx_word' id='word_1_26' title='bbox 892 877 1001 986; x_wconf 82' lang='lat' dir='ltr'>‚Ego</span> <span class='ocrx_word' id='word_1_27' title='bbox 1018 893 1186 965; x_wconf 86' lang='lat' dir='ltr'>contra,</span> <span class='ocrx_word' id='word_1_28' title='bbox 1214 902 1305 959; x_wconf 91' lang='lat' dir='ltr'>curn</span> <span class='ocrx_word' id='word_1_29' title='bbox 1333 897 1416 960; x_wconf 84' lang='lat' dir='ltr'>tam</span> <span class='ocrx_word' id='word_1_30' title='bbox 1432 857 1608 986; x_wconf 47' lang='lat' dir='ltr'>semim</span> 
     </span>
     <span class='ocr_line' id='line_1_5' title="bbox 185 986 1430 1106; baseline -0.005 -26"><span class='ocrx_word' id='word_1_31' title='bbox 185 993 313 1080; x_wconf 79' lang='lat' dir='ltr'>multa</span> <span class='ocrx_word' id='word_1_32' title='bbox 336 1017 513 1106; x_wconf 81' lang='lat' dir='ltr'>corpora</span> <span class='ocrx_word' id='word_1_33' title='bbox 524 987 745 1074; x_wconf 85' lang='lat' dir='ltr'>dilatentur</span> <span class='ocrx_word' id='word_1_34' title='bbox 759 987 903 1077; x_wconf 84' lang='lat' dir='ltr'>caloris</span> <span class='ocrx_word' id='word_1_35' title='bbox 929 991 996 1078; x_wconf 82' lang='lat' dir='ltr'>vi,</span> <span class='ocrx_word' id='word_1_36' title='bbox 1022 993 1067 1073; x_wconf 69' lang='grc' dir='ltr'>ὃ(</span> <span class='ocrx_word' id='word_1_37' title='bbox 1098 991 1142 1071; x_wconf 78' lang='lat' dir='ltr'>ui</span> <span class='ocrx_word' id='word_1_38' title='bbox 1163 986 1322 1102; x_wconf 80' lang='lat' dir='ltr'>frigoris</span> <span class='ocrx_word' id='word_1_39' title='bbox 1350 991 1430 1100; x_wconf 84' lang='lat' dir='ltr'>ad·¹</span> 
     </span>
     <span class='ocr_line' id='line_1_6' title="bbox 182 1102 1424 1221; baseline -0.002 -27"><span class='ocrx_word' id='word_1_40' title='bbox 182 1111 452 1221; x_wconf 82' lang='lat' dir='ltr'>stringantur,</span> <span class='ocrx_word' id='word_1_41' title='bbox 472 1107 620 1220; x_wconf 85' lang='lat' dir='ltr'>opinor</span> <span class='ocrx_word' id='word_1_42' title='bbox 630 1105 778 1192; x_wconf 90' lang='lat' dir='ltr'>debere</span> <span class='ocrx_word' id='word_1_43' title='bbox 795 1110 933 1217; x_wconf 86' lang='lat' dir='ltr'>potius</span> <span class='ocrx_word' id='word_1_44' title='bbox 948 1109 1098 1189; x_wconf 81' lang='lat' dir='ltr'>rariora</span> <span class='ocrx_word' id='word_1_45' title='bbox 1113 1106 1170 1192; x_wconf 91' lang='lat' dir='ltr'>ibi</span> <span class='ocrx_word' id='word_1_46' title='bbox 1185 1102 1256 1189; x_wconf 85' lang='lat' dir='ltr'>else</span> <span class='ocrx_word' id='word_1_47' title='bbox 1274 1135 1424 1220; x_wconf 90' lang='lat' dir='ltr'>corpo·</span> 
     </span>
     <span class='ocr_line' id='line_1_7' title="bbox 182 1210 1424 1341; baseline -0.008 -29"><span class='ocrx_word' id='word_1_48' title='bbox 182 1255 285 1341; x_wconf 90' lang='lat' dir='ltr'>pora</span> <span class='ocrx_word' id='word_1_49' title='bbox 296 1227 353 1310; x_wconf 85' lang='lat' dir='ltr'>ob</span> <span class='ocrx_word' id='word_1_50' title='bbox 365 1224 407 1307; x_wconf 92' lang='lat' dir='ltr'>id</span> <span class='ocrx_word' id='word_1_51' title='bbox 420 1217 548 1338; x_wconf 88' lang='lat' dir='ltr'>ipsum</span> <span class='ocrx_word' id='word_1_52' title='bbox 565 1287 573 1306; x_wconf 92' lang='lat'>.</span> <span class='ocrx_word' id='word_1_53' title='bbox 605 1222 680 1307; x_wconf 85' lang='lat' dir='ltr'>sed</span> <span class='ocrx_word' id='word_1_54' title='bbox 691 1224 847 1308; x_wconf 83' lang='lat' dir='ltr'>externi</span> <span class='ocrx_word' id='word_1_55' title='bbox 860 1220 1029 1313; x_wconf 82' lang='lat' dir='ltr'>caloris,</span> <span class='ocrx_word' id='word_1_56' title='bbox 1057 1223 1102 1306; x_wconf 78' lang='grc' dir='ltr'>δι</span> <span class='ocrx_word' id='word_1_57' title='bbox 1121 1218 1280 1334; x_wconf 87' lang='lat' dir='ltr'>frigoris</span> <span class='ocrx_word' id='word_1_58' title='bbox 1295 1224 1354 1308; x_wconf 82' lang='lat' dir='ltr'>vis</span> <span class='ocrx_word' id='word_1_59' title='bbox 1370 1210 1424 1307; x_wconf 84' lang='lat' dir='ltr'>acl</span> 
     </span>
     <span class='ocr_line' id='line_1_8' title="bbox 182 1333 1434 1454; baseline -0.005 -26"><span class='ocrx_word' id='word_1_60' title='bbox 182 1363 335 1428; x_wconf 83' lang='lat' dir='ltr'>tantam</span> <span class='ocrx_word' id='word_1_61' title='bbox 349 1339 606 1425; x_wconf 84' lang='lat' dir='ltr'>altitudinem</span> <span class='ocrx_word' id='word_1_62' title='bbox 621 1334 724 1422; x_wconf 85' lang='lat' dir='ltr'>infra</span> <span class='ocrx_word' id='word_1_63' title='bbox 736 1333 986 1454; x_wconf 86' lang='lat' dir='ltr'>superficiem</span> <span class='ocrx_word' id='word_1_64' title='bbox 1010 1365 1092 1423; x_wconf 91' lang='lat' dir='ltr'>non</span> <span class='ocrx_word' id='word_1_65' title='bbox 1119 1339 1345 1450; x_wconf 85' lang='lat' dir='ltr'>pertingit,</span> <span class='ocrx_word' id='word_1_66' title='bbox 1375 1359 1434 1446; x_wconf 83' lang='lat' dir='ltr'>ut¹</span> 
     </span>
     <span class='ocr_line' id='line_1_9' title="bbox 182 1450 1205 1568; baseline -0.002 -26"><span class='ocrx_word' id='word_1_67' title='bbox 182 1456 366 1542; x_wconf 70' lang='lat' dir='ltr'>effeeium</span> <span class='ocrx_word' id='word_1_68' title='bbox 378 1450 597 1540; x_wconf 83' lang='lat' dir='ltr'>senfibilem</span> <span class='ocrx_word' id='word_1_69' title='bbox 608 1456 702 1540; x_wconf 82' lang='lat' dir='ltr'>edet</span> <span class='ocrx_word' id='word_1_70' title='bbox 715 1459 757 1538; x_wconf 90' lang='lat' dir='ltr'>in</span> <span class='ocrx_word' id='word_1_71' title='bbox 772 1452 1205 1568; x_wconf 82' lang='lat' dir='ltr'>partem&#39;utramlibet.</span> 
     </span>
    </p>
   </div>
   <div class='ocr_carea' id='block_1_2' title="bbox 241 1569 1677 1684">
    <p class='ocr_par' dir='ltr' id='par_1_3' title="bbox 241 1569 1677 1684">
     <span class='ocr_line' id='line_1_10' title="bbox 241 1569 1677 1684; baseline -0.008 -26"><span class='ocrx_word' id='word_1_72' title='bbox 241 1586 339 1681; x_wconf 86' lang='lat'>238.</span> <span class='ocrx_word' id='word_1_73' title='bbox 365 1569 536 1654; x_wconf 86' lang='lat' dir='ltr'>Videtur</span> <span class='ocrx_word' id='word_1_74' title='bbox 548 1572 740 1676; x_wconf 76' lang='lat' dir='ltr'>maiorem</span> <span class='ocrx_word' id='word_1_75' title='bbox 757 1574 796 1656; x_wconf 93' lang='lat' dir='ltr'>in</span> <span class='ocrx_word' id='word_1_76' title='bbox 809 1575 977 1657; x_wconf 87' lang='lat' dir='ltr'>internis</span> <span class='ocrx_word' id='word_1_77' title='bbox 994 1573 1175 1684; x_wconf 78' lang='lat' dir='ltr'>partibus</span> <span class='ocrx_word' id='word_1_78' title='bbox 1191 1569 1428 1660; x_wconf 84' lang='lat' dir='ltr'>densrtatem</span> <span class='ocrx_word' id='word_1_79' title='bbox 1483 1593 1638 1652; x_wconf 63' lang='lat' dir='ltr'>onnam</span> <span class='ocrx_word' id='word_1_80' title='bbox 1649 1599 1677 1648; x_wconf 77' lang='lat' dir='ltr'>n</span> 
     </span>
    </p>
   </div>
   <div class='ocr_carea' id='block_1_3' title="bbox 1444 1674 1818 1803">
    <p class='ocr_par' dir='ltr' id='par_1_4' title="bbox 1444 1674 1818 1803">
     <span class='ocr_line' id='line_1_11' title="bbox 1444 1674 1818 1744; baseline -0.003 -19"><span class='ocrx_word' id='word_1_81' title='bbox 1444 1674 1555 1728; x_wconf 71' lang='lat' dir='ltr'>interni·</span> <span class='ocrx_word' id='word_1_82' title='bbox 1596 1675 1678 1744; x_wconf 77' lang='lat' dir='ltr'>parri·</span> <span class='ocrx_word' id='word_1_83' title='bbox 1809 1677 1818 1694; x_wconf 82' lang='lat'><strong>¹</strong></span> 
     </span>
     <span class='ocr_line' id='line_1_12' title="bbox 1593 1767 1607 1803; baseline 0 0"><span class='ocrx_word' id='word_1_84' title='bbox 1593 1767 1607 1803; x_wconf 84' lang='lat' dir='ltr'>e</span> 
     </span>
    </p>
   </div>
   <div class='ocr_carea' id='block_1_4' title="bbox 163 1683 1740 4935">
    <p class='ocr_par' dir='ltr' id='par_1_5' title="bbox 183 1683 1680 2150">
     <span class='ocr_line' id='line_1_13' title="bbox 183 1683 1663 1818; baseline 0 -44"><span class='ocrx_word' id='word_1_85' title='bbox 183 1683 403 1802; x_wconf 84' lang='lat' dir='ltr'>fignificare</span> <span class='ocrx_word' id='word_1_86' title='bbox 435 1684 512 1770; x_wconf 81' lang='lat' dir='ltr'>illa</span> <span class='ocrx_word' id='word_1_87' title='bbox 541 1685 826 1780; x_wconf 86' lang='lat' dir='ltr'>Condaminii,</span> <span class='ocrx_word' id='word_1_88' title='bbox 853 1716 899 1774; x_wconf 84' lang='lat' dir='ltr'>ac</span> <span class='ocrx_word' id='word_1_89' title='bbox 926 1690 1141 1800; x_wconf 86' lang='lat' dir='ltr'>Bouguerii</span> <span class='ocrx_word' id='word_1_90' title='bbox 1166 1685 1423 1781; x_wconf 79' lang='lat' dir='ltr'>observatio,</span> <span class='ocrx_word' id='word_1_91' title='bbox 1444 1749 1489 1804; x_wconf 62' lang='lat' dir='ltr'>b„</span> <span class='ocrx_word' id='word_1_92' title='bbox 1510 1752 1591 1818; x_wconf 51' lang='lat' dir='ltr'>mio,</span> <span class='ocrx_word' id='word_1_93' title='bbox 1609 1767 1663 1802; x_wconf 59' lang='grc' dir='ltr'><em>Μ</em></span> 
     </span>
     <span class='ocr_line' id='line_1_14' title="bbox 183 1803 1680 1919; baseline -0.002 -27"><span class='ocrx_word' id='word_1_94' title='bbox 183 1835 263 1919; x_wconf 81' lang='lat' dir='ltr'>qua</span> <span class='ocrx_word' id='word_1_95' title='bbox 288 1803 573 1890; x_wconf 68' lang='lat' dir='ltr'>attraeiionem</span> <span class='ocrx_word' id='word_1_96' title='bbox 596 1806 746 1889; x_wconf 85' lang='lat' dir='ltr'>montis</span> <span class='ocrx_word' id='word_1_97' title='bbox 758 1807 931 1918; x_wconf 79' lang='lat' dir='ltr'>ingentis</span> <span class='ocrx_word' id='word_1_98' title='bbox 945 1805 1176 1888; x_wconf 85' lang='lat' dir='ltr'>Americani</span> <span class='ocrx_word' id='word_1_99' title='bbox 1188 1806 1427 1890; x_wconf 86' lang='lat' dir='ltr'>invenerunt</span> <span class='ocrx_word' id='word_1_100' title='bbox 1444 1829 1485 1882; x_wconf 77' lang='lat' dir='ltr'>ui</span> <span class='ocrx_word' id='word_1_101' title='bbox 1501 1845 1550 1880; x_wconf 78' lang='lat' dir='ltr'>non</span> <span class='ocrx_word' id='word_1_102' title='bbox 1562 1827 1680 1918; x_wconf 52' lang='lat' dir='ltr'>possen</span> 
     </span>
     <span class='ocr_line' id='line_1_15' title="bbox 183 1907 1680 2038; baseline -0.001 -32"><span class='ocrx_word' id='word_1_103' title='bbox 183 1955 211 2024; x_wconf 88' lang='lat'><strong>7</strong></span> <span class='ocrx_word' id='word_1_104' title='bbox 241 1917 504 2006; x_wconf 87' lang='lat' dir='ltr'>secundorum</span> <span class='ocrx_word' id='word_1_105' title='bbox 534 1975 547 2012; x_wconf 90' lang='lat'>,</span> <span class='ocrx_word' id='word_1_106' title='bbox 572 1919 632 2002; x_wconf 88' lang='lat' dir='ltr'>ita</span> <span class='ocrx_word' id='word_1_107' title='bbox 661 1922 850 2008; x_wconf 89' lang='lat' dir='ltr'>nimirum</span> <span class='ocrx_word' id='word_1_108' title='bbox 876 1922 1062 2032; x_wconf 86' lang='lat' dir='ltr'>exiguam</span> <span class='ocrx_word' id='word_1_109' title='bbox 1090 1925 1116 2012; x_wconf 84' lang='lat'>,&#39;</span> <span class='ocrx_word' id='word_1_110' title='bbox 1136 1923 1183 2006; x_wconf 78' lang='grc' dir='ltr'>ὅτ</span> <span class='ocrx_word' id='word_1_111' title='bbox 1206 1923 1427 2034; x_wconf 83' lang='lat' dir='ltr'>quadrante</span> <span class='ocrx_word' id='word_1_112' title='bbox 1442 1907 1680 2038; x_wconf 49' lang='grc' dir='ltr'>ζζίῧζζζζζζζᾶζζ</span> 
     </span>
     <span class='ocr_line' id='line_1_16' title="bbox 184 2030 1553 2150; baseline -0.009 -24"><span class='ocrx_word' id='word_1_113' title='bbox 184 2043 247 2126; x_wconf 86' lang='lat' dir='ltr'>ita</span> <span class='ocrx_word' id='word_1_114' title='bbox 262 2038 438 2150; x_wconf 80' lang='lat' dir='ltr'>exigno,</span> <span class='ocrx_word' id='word_1_115' title='bbox 464 2057 513 2119; x_wconf 92' lang='lat' dir='ltr'>ut</span> <span class='ocrx_word' id='word_1_116' title='bbox 526 2030 596 2122; x_wconf 89' lang='lat' dir='ltr'>sub</span> <span class='ocrx_word' id='word_1_117' title='bbox 607 2030 843 2122; x_wconf 82' lang='lat' dir='ltr'>sensumvix</span> <span class='ocrx_word' id='word_1_118' title='bbox 855 2039 999 2126; x_wconf 81' lang='lat' dir='ltr'>cadat,</span> <span class='ocrx_word' id='word_1_119' title='bbox 1030 2063 1117 2149; x_wconf 81' lang='lat' dir='ltr'>quae</span> <span class='ocrx_word' id='word_1_120' title='bbox 1142 2039 1184 2119; x_wconf 92' lang='lat' dir='ltr'>in</span> <span class='ocrx_word' id='word_1_121' title='bbox 1205 2057 1318 2125; x_wconf 82' lang='lat' dir='ltr'>tanta</span> <span class='ocrx_word' id='word_1_122' title='bbox 1336 2069 1428 2124; x_wconf 89' lang='lat' dir='ltr'>mo·</span> <span class='ocrx_word' id='word_1_123' title='bbox 1443 2060 1553 2133; x_wconf 71' lang='lat' dir='ltr'>genu..</span> 
     </span>
    </p>

    <p class='ocr_par' dir='ltr' id='par_1_6' title="bbox 183 2147 1431 2260">
     <span class='ocr_line' id='line_1_17' title="bbox 183 2147 1431 2260; baseline -0.001 -18"><span class='ocrx_word' id='word_1_124' title='bbox 183 2155 233 2242; x_wconf 87' lang='lat' dir='ltr'>lis</span> <span class='ocrx_word' id='word_1_125' title='bbox 248 2173 384 2238; x_wconf 91' lang='lat' dir='ltr'>monte</span> <span class='ocrx_word' id='word_1_126' title='bbox 397 2149 590 2238; x_wconf 86' lang='lat' dir='ltr'>debuiffet</span> <span class='ocrx_word' id='word_1_127' title='bbox 602 2148 674 2237; x_wconf 80' lang='lat' dir='ltr'>elie</span> <span class='ocrx_word' id='word_1_128' title='bbox 687 2152 820 2240; x_wconf 90' lang='lat' dir='ltr'>multo</span> <span class='ocrx_word' id='word_1_129' title='bbox 834 2156 990 2260; x_wconf 82' lang='lat' dir='ltr'>major,</span> <span class='ocrx_word' id='word_1_130' title='bbox 1009 2147 1131 2258; x_wconf 83' lang='lat' dir='ltr'>fiejur</span> <span class='ocrx_word' id='word_1_131' title='bbox 1145 2153 1312 2242; x_wconf 82' lang='lat' dir='ltr'>denlitas</span> <span class='ocrx_word' id='word_1_132' title='bbox 1332 2158 1431 2241; x_wconf 85' lang='lat' dir='ltr'>den-</span> 
     </span>
    </p>

    <p class='ocr_par' dir='ltr' id='par_1_7' title="bbox 184 2265 1427 2386">
     <span class='ocr_line' id='line_1_18' title="bbox 184 2265 1427 2386; baseline -0.003 -26"><span class='ocrx_word' id='word_1_133' title='bbox 184 2271 295 2360; x_wconf 82' lang='lat' dir='ltr'>fitati</span> <span class='ocrx_word' id='word_1_134' title='bbox 310 2269 450 2352; x_wconf 87' lang='lat' dir='ltr'>mediae</span> <span class='ocrx_word' id='word_1_135' title='bbox 464 2265 632 2354; x_wconf 83' lang='lat' dir='ltr'>Telluris</span> <span class='ocrx_word' id='word_1_136' title='bbox 646 2269 955 2383; x_wconf 79' lang='lat' dir='ltr'>perextitiffet.</span> <span class='ocrx_word' id='word_1_137' title='bbox 983 2275 1133 2356; x_wconf 88' lang='lat' dir='ltr'>Verum</span> <span class='ocrx_word' id='word_1_138' title='bbox 1160 2295 1319 2358; x_wconf 86' lang='lat' dir='ltr'>montes</span> <span class='ocrx_word' id='word_1_139' title='bbox 1339 2276 1427 2386; x_wconf 90' lang='lat' dir='ltr'>qui-</span> 
     </span>
    </p>

    <p class='ocr_par' dir='ltr' id='par_1_8' title="bbox 184 2383 1505 2614">
     <span class='ocr_line' id='line_1_19' title="bbox 190 2383 1505 2498; baseline 0.001 -25"><span class='ocrx_word' id='word_1_140' title='bbox 190 2388 286 2474; x_wconf 91' lang='lat' dir='ltr'>dem</span> <span class='ocrx_word' id='word_1_141' title='bbox 319 2383 529 2498; x_wconf 85' lang='lat' dir='ltr'>plerique,</span> <span class='ocrx_word' id='word_1_142' title='bbox 556 2406 603 2468; x_wconf 93' lang='lat' dir='ltr'>ut</span> <span class='ocrx_word' id='word_1_143' title='bbox 628 2413 707 2498; x_wconf 86' lang='lat' dir='ltr'>ego</span> <span class='ocrx_word' id='word_1_144' title='bbox 733 2390 912 2472; x_wconf 82' lang='lat' dir='ltr'>arbitror</span> <span class='ocrx_word' id='word_1_145' title='bbox 944 2441 957 2474; x_wconf 82' lang='grc'><strong>,</strong></span> <span class='ocrx_word' id='word_1_146' title='bbox 985 2386 1117 2472; x_wconf 75' lang='lat' dir='ltr'>efferri</span> <span class='ocrx_word' id='word_1_147' title='bbox 1143 2383 1233 2475; x_wconf 87' lang='lat' dir='ltr'>sunt</span> <span class='ocrx_word' id='word_1_148' title='bbox 1258 2391 1435 2475; x_wconf 85' lang='lat' dir='ltr'>intume·</span> <span class='ocrx_word' id='word_1_149' title='bbox 1502 2479 1505 2486; x_wconf 61' lang='grc'>,</span> 
     </span>
     <span class='ocr_line' id='line_1_20' title="bbox 184 2499 1432 2614; baseline -0.002 -24"><span class='ocrx_word' id='word_1_150' title='bbox 184 2499 393 2590; x_wconf 70' lang='lat' dir='ltr'>{centibus</span> <span class='ocrx_word' id='word_1_151' title='bbox 412 2503 562 2586; x_wconf 87' lang='lat' dir='ltr'>interni</span> <span class='ocrx_word' id='word_1_152' title='bbox 586 2500 730 2590; x_wconf 85' lang='lat' dir='ltr'>caloris</span> <span class='ocrx_word' id='word_1_153' title='bbox 759 2501 942 2588; x_wconf 79' lang='lat' dir='ltr'>vilitatis</span> <span class='ocrx_word' id='word_1_154' title='bbox 968 2499 1432 2614; x_wconf 82' lang='lat' dir='ltr'>superficioiproximis;</span> 
     </span>
    </p>

    <p class='ocr_par' dir='ltr' id='par_1_9' title="bbox 182 2612 1433 2737">
     <span class='ocr_line' id='line_1_21' title="bbox 182 2612 1433 2737; baseline 0 -35"><span class='ocrx_word' id='word_1_155' title='bbox 182 2619 301 2737; x_wconf 91' lang='lat' dir='ltr'>quod</span> <span class='ocrx_word' id='word_1_156' title='bbox 314 2618 476 2730; x_wconf 89' lang='lat' dir='ltr'>quidem</span> <span class='ocrx_word' id='word_1_157' title='bbox 491 2612 518 2702; x_wconf 87' lang='lat' dir='ltr'>sr</span> <span class='ocrx_word' id='word_1_158' title='bbox 532 2620 590 2700; x_wconf 84' lang='lat' dir='ltr'>ita</span> <span class='ocrx_word' id='word_1_159' title='bbox 605 2621 796 2728; x_wconf 81' lang='lat' dir='ltr'>contigit,</span> <span class='ocrx_word' id='word_1_160' title='bbox 812 2616 912 2700; x_wconf 90' lang='lat' dir='ltr'>nihil</span> <span class='ocrx_word' id='word_1_161' title='bbox 928 2618 985 2708; x_wconf 89' lang='lat' dir='ltr'>ibi</span> <span class='ocrx_word' id='word_1_162' title='bbox 1000 2619 1175 2700; x_wconf 77' lang='lat' dir='ltr'>materiae</span> <span class='ocrx_word' id='word_1_163' title='bbox 1190 2617 1370 2705; x_wconf 83' lang='lat' dir='ltr'>accedit,</span> <span class='ocrx_word' id='word_1_164' title='bbox 1387 2621 1433 2702; x_wconf 73' lang='lat' dir='ltr'>oc</span> 
     </span>
    </p>

    <p class='ocr_par' dir='ltr' id='par_1_10' title="bbox 183 2727 1432 2846">
     <span class='ocr_line' id='line_1_22' title="bbox 183 2727 1432 2846; baseline -0.006 -20"><span class='ocrx_word' id='word_1_165' title='bbox 183 2764 335 2826; x_wconf 79' lang='lat' dir='ltr'>uacuus</span> <span class='ocrx_word' id='word_1_166' title='bbox 353 2733 460 2815; x_wconf 83' lang='lat' dir='ltr'>iutra</span> <span class='ocrx_word' id='word_1_167' title='bbox 475 2727 766 2816; x_wconf 83' lang='lat' dir='ltr'>viscerahiatus</span> <span class='ocrx_word' id='word_1_168' title='bbox 781 2729 1022 2846; x_wconf 82' lang='lat' dir='ltr'>compensat·</span> <span class='ocrx_word' id='word_1_169' title='bbox 1038 2760 1199 2818; x_wconf 87' lang='lat' dir='ltr'>omnem</span> <span class='ocrx_word' id='word_1_170' title='bbox 1227 2729 1336 2818; x_wconf 83' lang='lat' dir='ltr'>illam</span> <span class='ocrx_word' id='word_1_171' title='bbox 1361 2760 1432 2846; x_wconf 86' lang='lat' dir='ltr'>ap·</span> 
     </span>
    </p>

    <p class='ocr_par' dir='ltr' id='par_1_11' title="bbox 180 2847 1351 2972">
     <span class='ocr_line' id='line_1_23' title="bbox 180 2847 1351 2972; baseline -0.004 -33"><span class='ocrx_word' id='word_1_172' title='bbox 180 2871 395 2972; x_wconf 83' lang='lat' dir='ltr'>parentem</span> <span class='ocrx_word' id='word_1_173' title='bbox 409 2848 587 2936; x_wconf 82' lang='lat' dir='ltr'>materiae</span> <span class='ocrx_word' id='word_1_174' title='bbox 602 2850 644 2932; x_wconf 87' lang='lat' dir='ltr'>in</span> <span class='ocrx_word' id='word_1_175' title='bbox 656 2871 835 2940; x_wconf 88' lang='lat' dir='ltr'>montem</span> <span class='ocrx_word' id='word_1_176' title='bbox 853 2847 1082 2962; x_wconf 83' lang='lat' dir='ltr'>affurgentis</span> <span class='ocrx_word' id='word_1_177' title='bbox 1095 2853 1351 2966; x_wconf 85' lang='lat' dir='ltr'>congeriem.</span> 
     </span>
    </p>

    <p class='ocr_par' dir='ltr' id='par_1_12' title="bbox 163 2962 1740 4828">
     <span class='ocr_line' id='line_1_24' title="bbox 249 2962 1740 3098; baseline -0.002 -45"><span class='ocrx_word' id='word_1_178' title='bbox 249 2997 348 3079; x_wconf 80' lang='lat'><strong>239.</strong></span> <span class='ocrx_word' id='word_1_179' title='bbox 379 2962 629 3052; x_wconf 84' lang='lat' dir='ltr'>Crediderim</span> <span class='ocrx_word' id='word_1_180' title='bbox 654 2993 732 3079; x_wconf 85' lang='lat' dir='ltr'>ego</span> <span class='ocrx_word' id='word_1_181' title='bbox 756 2964 844 3052; x_wconf 83' lang='lat' dir='ltr'>lane</span> <span class='ocrx_word' id='word_1_182' title='bbox 869 2970 1060 3072; x_wconf 85' lang='lat' dir='ltr'>majorem</span> <span class='ocrx_word' id='word_1_183' title='bbox 1085 2967 1272 3053; x_wconf 59' lang='lat' dir='ltr'>effectum</span> <span class='ocrx_word' id='word_1_184' title='bbox 1298 2967 1431 3054; x_wconf 84' lang='lat' dir='ltr'>devia·</span> <span class='ocrx_word' id='word_1_185' title='bbox 1483 2969 1678 3098; x_wconf 55' lang='lat' dir='ltr'>fflief‘ff‘Qf</span> <span class='ocrx_word' id='word_1_186' title='bbox 1737 3043 1740 3050; x_wconf 89' lang='lat'>.</span> 
     </span>
     <span class='ocr_line' id='line_1_25' title="bbox 181 3051 1684 3201; baseline 0 -31"><span class='ocrx_word' id='word_1_187' title='bbox 181 3087 315 3174; x_wconf 90' lang='lat' dir='ltr'>tionis</span> <span class='ocrx_word' id='word_1_188' title='bbox 343 3080 503 3196; x_wconf 85' lang='lat' dir='ltr'>penduli</span> <span class='ocrx_word' id='word_1_189' title='bbox 531 3079 666 3170; x_wconf 81' lang='lat' dir='ltr'>haberi</span> <span class='ocrx_word' id='word_1_190' title='bbox 691 3081 825 3195; x_wconf 83' lang='lat' dir='ltr'>polle,</span> <span class='ocrx_word' id='word_1_191' title='bbox 847 3086 917 3171; x_wconf 90' lang='lat' dir='ltr'>ubi</span> <span class='ocrx_word' id='word_1_192' title='bbox 930 3103 1166 3197; x_wconf 84' lang='lat' dir='ltr'>perpetuum</span> <span class='ocrx_word' id='word_1_193' title='bbox 1182 3081 1352 3170; x_wconf 77' lang='lat' dir='ltr'>Telluris</span> <span class='ocrx_word' id='word_1_194' title='bbox 1371 3081 1432 3168; x_wconf 85' lang='lat' dir='ltr'>so·</span> <span class='ocrx_word' id='word_1_195' title='bbox 1445 3051 1684 3201; x_wconf 51' lang='lat' dir='ltr'>liil’sslltlilifl</span> 
     </span>
     <span class='ocr_line' id='line_1_26' title="bbox 184 3197 1680 3310; baseline -0.001 -25"><span class='ocrx_word' id='word_1_196' title='bbox 184 3203 278 3287; x_wconf 88' lang='lat' dir='ltr'>lum</span> <span class='ocrx_word' id='word_1_197' title='bbox 294 3197 453 3310; x_wconf 83' lang='lat' dir='ltr'>affurgit</span> <span class='ocrx_word' id='word_1_198' title='bbox 468 3225 540 3310; x_wconf 87' lang='lat' dir='ltr'>per</span> <span class='ocrx_word' id='word_1_199' title='bbox 554 3199 756 3310; x_wconf 86' lang='lat' dir='ltr'>ingentem</span> <span class='ocrx_word' id='word_1_200' title='bbox 770 3204 943 3288; x_wconf 62' lang='lat' dir='ltr'>tranium</span> <span class='ocrx_word' id='word_1_201' title='bbox 960 3257 971 3290; x_wconf 83' lang='lat'>‚</span> <span class='ocrx_word' id='word_1_202' title='bbox 1001 3219 1081 3284; x_wconf 85' lang='lat' dir='ltr'>uta</span> <span class='ocrx_word' id='word_1_203' title='bbox 1097 3203 1198 3285; x_wconf 88' lang='lat' dir='ltr'>mari</span> <span class='ocrx_word' id='word_1_204' title='bbox 1223 3197 1351 3288; x_wconf 87' lang='lat' dir='ltr'>infero</span> <span class='ocrx_word' id='word_1_205' title='bbox 1381 3201 1430 3286; x_wconf 87' lang='lat' dir='ltr'>ad</span> <span class='ocrx_word' id='word_1_206' title='bbox 1447 3211 1554 3262; x_wconf 67' lang='lat' dir='ltr'>..nnn</span> <span class='ocrx_word' id='word_1_207' title='bbox 1582 3201 1680 3257; x_wconf 56' lang='lat' dir='ltr'>‘Ml‘</span> 
     </span>
     <span class='ocr_line' id='line_1_27' title="bbox 180 3283 1680 3432; baseline 0.004 -31"><span class='ocrx_word' id='word_1_208' title='bbox 180 3316 376 3428; x_wconf 83' lang='lat' dir='ltr'>superum</span> <span class='ocrx_word' id='word_1_209' title='bbox 390 3337 589 3426; x_wconf 87' lang='lat' dir='ltr'>perpetuo</span> <span class='ocrx_word' id='word_1_210' title='bbox 615 3313 931 3427; x_wconf 80' lang='lat' dir='ltr'>affurgitltalia‚</span> <span class='ocrx_word' id='word_1_211' title='bbox 956 3344 1078 3428; x_wconf 81' lang='lat' dir='ltr'>quem</span> <span class='ocrx_word' id='word_1_212' title='bbox 1103 3319 1173 3403; x_wconf 91' lang='lat' dir='ltr'>ubi</span> <span class='ocrx_word' id='word_1_213' title='bbox 1188 3321 1230 3401; x_wconf 92' lang='lat' dir='ltr'>in</span> <span class='ocrx_word' id='word_1_214' title='bbox 1243 3319 1338 3405; x_wconf 92' lang='lat' dir='ltr'>coni</span> <span class='ocrx_word' id='word_1_215' title='bbox 1356 3315 1433 3404; x_wconf 90' lang='lat' dir='ltr'>for·</span> <span class='ocrx_word' id='word_1_216' title='bbox 1446 3283 1614 3432; x_wconf 50' lang='lat' dir='ltr'>illidii?</span> <span class='ocrx_word' id='word_1_217' title='bbox 1624 3295 1680 3332; x_wconf 57' lang='grc' dir='ltr'>Μ’</span> 
     </span>
     <span class='ocr_line' id='line_1_28' title="bbox 177 3429 1433 3543; baseline -0.001 -27"><span class='ocrx_word' id='word_1_218' title='bbox 177 3459 297 3523; x_wconf 83' lang='lat' dir='ltr'>mam</span> <span class='ocrx_word' id='word_1_219' title='bbox 310 3429 468 3540; x_wconf 65' lang='lat' dir='ltr'>ellurgit</span> <span class='ocrx_word' id='word_1_220' title='bbox 481 3457 595 3516; x_wconf 91' lang='lat' dir='ltr'>mons</span> <span class='ocrx_word' id='word_1_221' title='bbox 612 3497 621 3515; x_wconf 88' lang='lat'><strong>.</strong></span> <span class='ocrx_word' id='word_1_222' title='bbox 645 3431 695 3516; x_wconf 91' lang='lat' dir='ltr'>Et</span> <span class='ocrx_word' id='word_1_223' title='bbox 711 3433 872 3543; x_wconf 90' lang='lat' dir='ltr'>quidem</span> <span class='ocrx_word' id='word_1_224' title='bbox 897 3453 985 3516; x_wconf 88' lang='lat' dir='ltr'>tum</span> <span class='ocrx_word' id='word_1_225' title='bbox 1002 3431 1133 3519; x_wconf 89' lang='lat' dir='ltr'>multo</span> <span class='ocrx_word' id='word_1_226' title='bbox 1161 3439 1281 3520; x_wconf 82' lang='lat' dir='ltr'>etiam</span> <span class='ocrx_word' id='word_1_227' title='bbox 1298 3437 1433 3518; x_wconf 89' lang='lat' dir='ltr'>minor</span> 
     </span>
     <span class='ocr_line' id='line_1_29' title="bbox 177 3540 1434 3658; baseline -0.005 -20"><span class='ocrx_word' id='word_1_228' title='bbox 177 3544 374 3638; x_wconf 80' lang='lat' dir='ltr'>altitudo</span> <span class='ocrx_word' id='word_1_229' title='bbox 388 3540 794 3636; x_wconf 75' lang='lat' dir='ltr'>sufficitadeffeerum</span> <span class='ocrx_word' id='word_1_230' title='bbox 821 3545 913 3633; x_wconf 84' lang='lat' dir='ltr'>setis</span> <span class='ocrx_word' id='word_1_231' title='bbox 940 3550 1168 3658; x_wconf 86' lang='lat' dir='ltr'>ingentem.</span> <span class='ocrx_word' id='word_1_232' title='bbox 1195 3546 1434 3636; x_wconf 79' lang='lat' dir='ltr'>ludillertr·</span> 
     </span>
     <span class='ocr_line' id='line_1_30' title="bbox 177 3658 1430 3765; baseline -0.006 -7"><span class='ocrx_word' id='word_1_233' title='bbox 177 3671 311 3758; x_wconf 87' lang='lat' dir='ltr'>tione</span> <span class='ocrx_word' id='word_1_234' title='bbox 326 3659 375 3748; x_wconf 89' lang='lat' dir='ltr'>de</span> <span class='ocrx_word' id='word_1_235' title='bbox 388 3658 745 3752; x_wconf 84' lang='lat' dir='ltr'>observationibus</span> <span class='ocrx_word' id='word_1_236' title='bbox 757 3663 1047 3751; x_wconf 82' lang='lat' dir='ltr'>Alironomicis</span> <span class='ocrx_word' id='word_1_237' title='bbox 1060 3662 1171 3751; x_wconf 86' lang='lat' dir='ltr'>edita</span> <span class='ocrx_word' id='word_1_238' title='bbox 1193 3691 1299 3750; x_wconf 85' lang='lat' dir='ltr'>auno</span> <span class='ocrx_word' id='word_1_239' title='bbox 1320 3689 1430 3765; x_wconf 88' lang='lat'>1742</span> 
     </span>
     <span class='ocr_line' id='line_1_31' title="bbox 173 3779 1442 3894; baseline -0.006 -21"><span class='ocrx_word' id='word_1_240' title='bbox 173 3785 332 3877; x_wconf 69' lang='lat' dir='ltr'>habeo,</span> <span class='ocrx_word' id='word_1_241' title='bbox 349 3809 456 3866; x_wconf 88' lang='lat' dir='ltr'>num.</span> <span class='ocrx_word' id='word_1_242' title='bbox 477 3805 526 3866; x_wconf 85' lang='lat'>21</span> <span class='ocrx_word' id='word_1_243' title='bbox 552 3779 788 3892; x_wconf 78' lang='lat' dir='ltr'>problema,</span> <span class='ocrx_word' id='word_1_244' title='bbox 814 3809 897 3894; x_wconf 91' lang='lat' dir='ltr'>quo</span> <span class='ocrx_word' id='word_1_245' title='bbox 925 3784 1117 3892; x_wconf 83' lang='lat' dir='ltr'>quaeritur</span> <span class='ocrx_word' id='word_1_246' title='bbox 1141 3783 1442 3868; x_wconf 76' lang='lat' dir='ltr'>attrat‘iiocor-</span> 
     </span>
     <span class='ocr_line' id='line_1_32' title="bbox 172 3891 1439 4018; baseline -0.003 -32"><span class='ocrx_word' id='word_1_247' title='bbox 172 3895 348 4018; x_wconf 85' lang='lat' dir='ltr'>pusculi</span> <span class='ocrx_word' id='word_1_248' title='bbox 363 3893 558 3986; x_wconf 84' lang='lat' dir='ltr'>collocati</span> <span class='ocrx_word' id='word_1_249' title='bbox 584 3899 625 3980; x_wconf 92' lang='lat' dir='ltr'>in</span> <span class='ocrx_word' id='word_1_250' title='bbox 639 3898 787 3982; x_wconf 88' lang='lat' dir='ltr'>centro</span> <span class='ocrx_word' id='word_1_251' title='bbox 802 3895 960 4010; x_wconf 81' lang='lat' dir='ltr'>lphaerae</span> <span class='ocrx_word' id='word_1_252' title='bbox 975 3891 1179 4005; x_wconf 83' lang='lat' dir='ltr'>cujusdam</span> <span class='ocrx_word' id='word_1_253' title='bbox 1204 3901 1246 3980; x_wconf 92' lang='lat' dir='ltr'>in</span> <span class='ocrx_word' id='word_1_254' title='bbox 1271 3898 1439 3982; x_wconf 71' lang='lat' dir='ltr'>illatum</span> 
     </span>
     <span class='ocr_line' id='line_1_33' title="bbox 169 4007 1442 4126; baseline -0.005 -24"><span class='ocrx_word' id='word_1_255' title='bbox 169 4007 367 4124; x_wconf 84' lang='lat' dir='ltr'>ejusdem</span> <span class='ocrx_word' id='word_1_256' title='bbox 380 4013 538 4126; x_wconf 80' lang='lat' dir='ltr'>sphaerae</span> <span class='ocrx_word' id='word_1_257' title='bbox 553 4008 732 4099; x_wconf 85' lang='lat' dir='ltr'>clausum</span> <span class='ocrx_word' id='word_1_258' title='bbox 753 4011 876 4123; x_wconf 86' lang='lat' dir='ltr'>plano</span> <span class='ocrx_word' id='word_1_259' title='bbox 903 4010 1086 4099; x_wconf 77' lang='lat' dir='ltr'>verticuli</span> <span class='ocrx_word' id='word_1_260' title='bbox 1114 4012 1337 4097; x_wconf 72' lang='lat' dir='ltr'>transeunte</span> <span class='ocrx_word' id='word_1_261' title='bbox 1368 4041 1442 4124; x_wconf 87' lang='lat' dir='ltr'>per</span> 
     </span>
     <span class='ocr_line' id='line_1_34' title="bbox 171 4124 1441 4241; baseline 0.002 -33"><span class='ocrx_word' id='word_1_262' title='bbox 171 4149 417 4218; x_wconf 84' lang='lat' dir='ltr'>centrum,</span> <span class='ocrx_word' id='word_1_263' title='bbox 444 4124 568 4237; x_wconf 84' lang='lat' dir='ltr'>plano</span> <span class='ocrx_word' id='word_1_264' title='bbox 595 4127 842 4214; x_wconf 81' lang='lat' dir='ltr'>horizontali</span> <span class='ocrx_word' id='word_1_265' title='bbox 868 4125 1093 4212; x_wconf 83' lang='lat' dir='ltr'>transeunte</span> <span class='ocrx_word' id='word_1_266' title='bbox 1122 4153 1194 4241; x_wconf 85' lang='lat' dir='ltr'>per</span> <span class='ocrx_word' id='word_1_267' title='bbox 1226 4151 1441 4218; x_wconf 85' lang='lat' dir='ltr'>centrum,</span> 
     </span>
     <span class='ocr_line' id='line_1_35' title="bbox 176 4239 1444 4355; baseline 0.003 -30"><span class='ocrx_word' id='word_1_268' title='bbox 176 4245 283 4334; x_wconf 79' lang='lat' dir='ltr'>alio</span> <span class='ocrx_word' id='word_1_269' title='bbox 306 4241 429 4355; x_wconf 87' lang='lat' dir='ltr'>plano</span> <span class='ocrx_word' id='word_1_270' title='bbox 440 4239 532 4326; x_wconf 89' lang='lat' dir='ltr'>huic</span> <span class='ocrx_word' id='word_1_271' title='bbox 548 4239 739 4355; x_wconf 82' lang='lat' dir='ltr'>parallelo</span> <span class='ocrx_word' id='word_1_272' title='bbox 752 4244 803 4328; x_wconf 86' lang='lat' dir='ltr'>ad</span> <span class='ocrx_word' id='word_1_273' title='bbox 822 4240 959 4325; x_wconf 80' lang='lat' dir='ltr'>datam</span> <span class='ocrx_word' id='word_1_274' title='bbox 982 4245 1032 4326; x_wconf 94' lang='lat' dir='ltr'>ab</span> <span class='ocrx_word' id='word_1_275' title='bbox 1047 4271 1098 4327; x_wconf 87' lang='lat' dir='ltr'>eo</span> <span class='ocrx_word' id='word_1_276' title='bbox 1112 4243 1365 4332; x_wconf 78' lang='lat' dir='ltr'>distantiam,</span> <span class='ocrx_word' id='word_1_277' title='bbox 1398 4245 1444 4329; x_wconf 87' lang='lat'>&amp;</span> 
     </span>
     <span class='ocr_line' id='line_1_36' title="bbox 165 4350 1446 4472; baseline -0.005 -24"><span class='ocrx_word' id='word_1_278' title='bbox 165 4351 407 4472; x_wconf 86' lang='lat' dir='ltr'>superficie</span> <span class='ocrx_word' id='word_1_279' title='bbox 423 4350 540 4468; x_wconf 84' lang='lat' dir='ltr'>ipsrus</span> <span class='ocrx_word' id='word_1_280' title='bbox 552 4353 992 4470; x_wconf 83' lang='lat' dir='ltr'>sphaerae.Polito‚quod</span> <span class='ocrx_word' id='word_1_281' title='bbox 1007 4357 1212 4468; x_wconf 80' lang='lat' dir='ltr'>particulae</span> <span class='ocrx_word' id='word_1_282' title='bbox 1224 4354 1446 4466; x_wconf 87' lang='lat' dir='ltr'>cujuscum-</span> 
     </span>
     <span class='ocr_line' id='line_1_37' title="bbox 166 4468 1445 4592; baseline -0.002 -32"><span class='ocrx_word' id='word_1_283' title='bbox 166 4503 270 4592; x_wconf 83' lang='lat' dir='ltr'>que</span> <span class='ocrx_word' id='word_1_284' title='bbox 287 4471 530 4562; x_wconf 84' lang='lat' dir='ltr'>vimrefetat</span> <span class='ocrx_word' id='word_1_285' title='bbox 550 4474 632 4576; x_wconf 88' lang='lat' dir='ltr'>ejus</span> <span class='ocrx_word' id='word_1_286' title='bbox 659 4468 774 4556; x_wconf 73' lang='lat' dir='ltr'>malla</span> <span class='ocrx_word' id='word_1_287' title='bbox 789 4471 915 4557; x_wconf 84' lang='lat' dir='ltr'>divisa</span> <span class='ocrx_word' id='word_1_288' title='bbox 939 4501 1011 4586; x_wconf 91' lang='lat' dir='ltr'>per</span> <span class='ocrx_word' id='word_1_289' title='bbox 1029 4473 1268 4586; x_wconf 85' lang='lat' dir='ltr'>quadratum</span> <span class='ocrx_word' id='word_1_290' title='bbox 1296 4475 1445 4558; x_wconf 78' lang='lat' dir='ltr'>distan-</span> 
     </span>
     <span class='ocr_line' id='line_1_38' title="bbox 163 4585 1447 4701; baseline -0.006 -25"><span class='ocrx_word' id='word_1_291' title='bbox 163 4597 287 4684; x_wconf 83' lang='lat' dir='ltr'>tiee,</span> <span class='ocrx_word' id='word_1_292' title='bbox 320 4611 367 4682; x_wconf 87' lang='lat' dir='ltr'>ut</span> <span class='ocrx_word' id='word_1_293' title='bbox 382 4589 631 4701; x_wconf 86' lang='lat' dir='ltr'>exprimente</span> <span class='ocrx_word' id='word_1_294' title='bbox 646 4619 664 4675; x_wconf 91' lang='lat'>1</span> <span class='ocrx_word' id='word_1_295' title='bbox 679 4589 968 4676; x_wconf 80' lang='lat' dir='ltr'>adcretiouem</span> <span class='ocrx_word' id='word_1_296' title='bbox 986 4589 1089 4674; x_wconf 83' lang='lat' dir='ltr'>radii</span> <span class='ocrx_word' id='word_1_297' title='bbox 1104 4591 1154 4678; x_wconf 90' lang='lat' dir='ltr'>ad</span> <span class='ocrx_word' id='word_1_298' title='bbox 1167 4585 1447 4675; x_wconf 86' lang='lat' dir='ltr'>circumferen-</span> 
     </span>
     <span class='ocr_line' id='line_1_39' title="bbox 164 4699 1447 4828; baseline -0.015 -29"><span class='ocrx_word' id='word_1_299' title='bbox 164 4714 325 4802; x_wconf 79' lang='lat' dir='ltr'>tiam,</span> <span class='ocrx_word' id='word_1_300' title='bbox 356 4706 549 4794; x_wconf 69' lang='lat' dir='ltr'>attraetio</span> <span class='ocrx_word' id='word_1_301' title='bbox 563 4699 791 4828; x_wconf 86' lang='lat' dir='ltr'>corpusculi</span> <span class='ocrx_word' id='word_1_302' title='bbox 820 4701 884 4787; x_wconf 82' lang='lat' dir='ltr'>liti</span> <span class='ocrx_word' id='word_1_303' title='bbox 913 4706 954 4788; x_wconf 89' lang='lat' dir='ltr'>iu</span> <span class='ocrx_word' id='word_1_304' title='bbox 984 4701 1447 4821; x_wconf 65' lang='lat' dir='ltr'>superficiesphaeraecu-</span> 
     </span>
    </p>

    <p class='ocr_par' dir='ltr' id='par_1_13' title="bbox 264 4815 1448 4935">
     <span class='ocr_line' id='line_1_40' title="bbox 264 4815 1448 4935; baseline 0.002 -31"><span class='ocrx_word' id='word_1_305' title='bbox 264 4843 267 4850; x_wconf 82' lang='lat'>&#39;</span> <span class='ocrx_word' id='word_1_306' title='bbox 757 4821 1007 4910; x_wconf 60' lang='lat'>‘0002</span> <span class='ocrx_word' id='word_1_307' title='bbox 1279 4815 1448 4935; x_wconf 42' lang='lat' dir='ltr'>mmm</span> 
     </span>
    </p>
   </div>
   <div class='ocr_carea' id='block_1_5' title="bbox 0 0 2076 5784">
    <p class='ocr_par' dir='ltr' id='par_1_14' title="bbox 0 0 2076 5784">
     <span class='ocr_line' id='line_1_41' title="bbox 0 0 2076 5784; baseline 0 2"><span class='ocrx_word' id='word_1_308' title='bbox 0 0 2076 5784; x_wconf 95' lang='lat' dir='ltr'> </span> 
     </span>
    </p>
   </div>
  </div>
 </body>
</html>
