4156 5752
653 613 745 710 aff
970 589 1588 684 poputhLUM

655 711 905 830 explorando
919 711 1104 800 distantia
1142 707 1251 827 ipsa,
1284 714 1590 802 &notabatur,
1624 732 1729 823 quot
1745 710 1925 824 particu-

649 833 706 918 lis
719 835 768 918 ab
783 859 833 916 eo
849 828 1026 916 differret
1045 890 1056 923 ‚
1091 831 1138 916 ac'
1149 828 1294 918 eodem
1307 829 1569 914 instrumento
1584 828 1820 940 capiebatur
1845 849 1925 940 po·-

650 950 797 1037 'strema
813 945 882 1034 illa
910 946 1113 1062 inaequalis
1128 977 1246 1063 pars,
1276 951 1322 1031 dc
1353 939 1635 1032 conferebatur
1660 973 1752 1028 cum
1778 945 1924 1029 codem

654 1064 902 1161 intervallo;
937 1097 1019 1181 quo
1034 1068 1196 1179 quidem
1227 1067 1348 1181 padio
1364 1065 1626 1150 obtinebatur
1641 1061 1780 1146 eadem
1806 1087 1923 1145 com·-

654 1186 817 1298 paratio
832 1241 843 1275 ‚
858 1212 946 1298 quae
961 1186 1069 1299 prius
1085 1211 1165 1298 ope
1179 1184 1323 1265 circini
1339 1239 1351 1272 ‚
1368 1177 1433 1262 sed
1449 1177 1526 1264 line
1540 1178 1621 1266 ulla
1638 1175 1786 1266 lineola
1801 1177 1925 1262 dud’ca

656 1303 699 1383 in
711 1300 858 1387 lamina
878 1300 1045 1390 mobili,
1064 1329 1153 1414 quae
1166 1298 1309 1384 deinde
1324 1294 1493 1384 delenda
1505 1295 1623 1382 effet.

426 1474 510 1539 Hp„
521 1472 636 1536 aazias
716 1431 783 1525 96.
801 1423 1134 1534 supervacaneum
1149 1439 1282 1502 autem
1295 1415 1358 1500 hic
1373 1414 1430 1499 eli
1441 1418 1609 1502 omnino
1623 1441 1787 1499 monere
1803 1408 1922 1504 illud,

404 1552 565 1644 erasmus·
579 1577 635 1612 eum
655 1565 735 1652 ope
752 1538 895 1621 circini
912 1533 1088 1648 superius
1109 1529 1309 1647 propofiti
1327 1532 1422 1645 ‚qui
1437 1535 1548 1618 vitro
1570 1531 1768 1619 conflaret
1782 1531 1918 1614 mobi-

403 1630 638 1781 fssfcffiftsfssqffi‘
654 1653 683 1737 li
702 1655 773 1744 ‚dc
787 1648 858 1739 luo
870 1656 1132 1738 micrometro
1150 1707 1161 1741 ‚
1182 1649 1312 1733 multo
1330 1647 1482 1734 facilius
1511 1648 1837 1762 comparationes
1852 1645 1918 1730 ha·

405 1784 459 1838 δυ·
654 1765 718 1866 lce
732 1787 869 1856 omnes
897 1766 983 1852 fieri
1000 1765 1105 1881 polle
1120 1798 1131 1854 a
1158 1789 1204 1850 ut
1220 1767 1265 1851 dt
1280 1763 1380 1850 illud
1396 1767 1437 1847 in
1454 1769 1639 1854 omnibus
1652 1761 1758 1849 hisce
1790 1785 1920 1848 tenta·

654 1888 828 1986 minibus
844 1886 992 1971 lentem
1008 1917 1032 1970 a
1047 1883 1162 1970 nobis
1176 1882 1397 1968 adhibitam
1410 1879 1481 1966 elie
1498 1881 1714 1967 admodum
1728 1905 1890 1966 acutam
1905 1932 1917 1968 ‚

653 2033 742 2120 quae
771 2005 922 2110 objecti
948 2023 1108 2116 augeret
1135 2001 1370 2113 imaginem.
1401 1997 1508 2085 Illud
1525 1998 1802 2084 omittendum
1834 2025 1916 2081 non

653 2123 723 2232 est,
739 2121 802 2208 hic
816 2119 978 2234 quidem
992 2119 1085 2206 duas
1100 2120 1425 2232 comparationes
1442 2115 1610 2206 institui,
1625 2113 1839 2228 positionis
1857 2115 1921 2200 Fi·

654 2265 715 2322 xae
727 2268 819 2324 cum
833 2234 1049 2321 intervallo
1064 2233 1139 2321 illo
1157 2265 1211 2344 30
1229 2235 1406 2347 partium
1421 2289 1432 2322 ‚
1449 2237 1493 2320 Β(
1507 2234 1589 2339 ejus
1603 2227 1809 2317 intervalli
1822 2259 1914 2318 cum

548 2433 552 2442 .
655 2376 773 2466 parte
787 2355 969 2467 aliquota
984 2410 994 2442 ‚
1010 2353 1105 2437 dum
1119 2348 1203 2464 ipsa
1219 2374 1332 2462 parte
1343 2350 1526 2462 aliquota
1542 2346 1726 2435 transsata
1744 2349 1785 2432 in
1804 2345 1916 2434 lami·

655 2497 746 2556 nam
764 2470 955 2558 mobilem
973 2471 1203 2556 immediate
1217 2465 1429 2554 confertus
1445 2464 1594 2580 posrtio
1608 2467 1813 2550 Fixaecurn
1827 2495 1915 2578 pat·

650 2585 787 2704 teipsa
801 2587 983 2702 aliquota
1000 2653 1010 2670 .
1041 2585 1115 2671 Sed
1130 2586 1173 2670 id
1184 2586 1348 2698 quidem
1369 2581 1599 2699 periculum
1615 2582 1777 2669 inducit
1807 2613 1915 2669 erro·

648 2703 703 2790 ris
719 2707 859 2812 unius,
898 2704 1034 2789 autad
1054 2702 1248 2790 summum
1266 2699 1427 2788 alterius
1461 2699 1670 2814 particulae
1701 2703 1917 2787 microme·

648 2823 732 2914 tri,
763 2827 955 2935 quierror
970 2817 1052 2934 ipse
1069 2817 1344 2932 microscopio
1357 2818 1546 2906 adhibito
1578 2819 1722 2904 evitari
1753 2817 1913 2933 potest,

648 2936 809 3026 &infra
821 2942 1019 3023 minutum
1035 2935 1249 3025 secundum
1263 2933 1492 3024 descendit.
1523 2931 1824 3049 Compensatur
1851 2965 1916 3020 au·

611 3079 614 3082 ’
647 3079 732 3142 tem
750 3080 990 3146 tumesco,
1007 3056 1119 3170 quod
1139 3075 1220 3140 tam
1235 3053 1370 3138 multis
1389 3053 1592 3138 methodis
1612 3050 1730 3138 liceat
1742 3079 1917 3140 examen

649 3175 884 3263 instituere,
913 3177 1128 3284 &quoties
1143 3169 1267 3259 libeat
1284 3193 1464 3285 repetere
1484 3229 1496 3263 ,
1523 3193 1771 3259 tumesco,
1801 3167 1916 3282 quod

651 3291 789 3378 eadem
804 3291 961 3375 tatione
978 3289 1255 3404 comparando
1271 3315 1480 3374 numerum
1496 3292 1673 3402 partium
1686 3297 1915 3400 quemcum-

503 3413 526 3422 ”
652 3435 730 3520 que
758 3407 937 3490 amedio
955 3437 1046 3492 curn
1074 3406 1204 3519 aliqua
1230 3429 1344 3518 parte
1371 3407 1585 3519 aliquota,
1610 3401 1674 3490 vel
1706 3432 1907 3490 numerum

652 3527 737 3634 ejus
750 3521 919 3639 duplum
931 3546 1141 3636 acceptum
1159 3525 1279 3612 hinc,
1312 3527 1359 3608 ὃ(
1371 3524 1675 3612 ἱηάοατηεάὶο,
1706 3520 1824 3636 pollrt
1842 3521 1909 3603 ha-

649 3641 932 3728 bericonstans
950 3637 1488 3728 accuratillimadivilionum
1506 3643 1687 3729 omniurn
1709 3633 1911 3725 'rectifica-

648 3761 711 3849 tio
730 3819 741 3850 ,
759 3755 835 3842 fine
854 3757 1039 3876 periculo
1059 3760 1232 3850 erroris,
1264 3760 1334 3870 qui
1352 3761 1544 3844 trientem
1570 3762 1721 3844 minuti.
1751 3753 1911 3841 secundi

649 3877 845 3968 excedat,
863 3876 1015 3970 sectore
1029 3878 1176 3988 ubique
1191 3873 1406 3988 deinceps,
1440 3879 1484 3962 δε
1502 3905 1580 3990 pro
1595 3877 1699 3962 Fixis
1725 3876 1909 3962 omnibus

648 3997 793 4083 vertici
807 3995 1002 4103 proximis
1029 4021 1139 4105 aeque
1154 3989 1293 4078 futuro
1312 3989 1397 4079 usui
1419 4060 1428 4079 .

442 4151 633 4228 arrisum.
706 4143 774 4218 97.
807 4110 958 4198 Eodem
972 4113 1152 4225 pasto&
1177 4113 1218 4194 in
1237 4109 1323 4196 aliis
1338 4135 1508 4198 examen
1534 4109 1771 4200 divisionum
1803 4109 1912 4196 insti·

400 4229 514 4365 {m
536 4236 636 4368 ,1¹:¹2¹ss
648 4251 784 4314 tutum
796 4229 852 4315 est
869 4287 880 4320 ‚
895 4259 1032 4317 verum
1049 4226 1281 4342 aliquando,
1299 4227 1368 4315 ubi
1381 4258 1472 4342 pars
1486 4229 1669 4346 aliquota
1683 4228 1776 4317 satis
1790 4229 1911 4314 dista·

401 4391 514 4445 remus
545 4391 639 4448 secer.
647 4351 718 4436 bat
734 4353 783 4434 ab
797 4344 1010 4434 intervallo
1022 4342 1296 4462 comparando
1313 4405 1325 4437 ‚
1340 4347 1448 4432 idem
1460 4356 1569 4463 aequd
1583 4373 1771 4436 accurate
1799 4346 1910 4434 obti-

398 4465 486 4520 ΜΟ·
646 4495 741 4552 nere
770 4465 889 4551 licuit
915 4462 1112 4578 affumpto
1127 4463 1300 4550 dimidio
1316 4531 1329 4554 .,
1354 4467 1444 4574 Ejus
1471 4466 1699 4580 exemplum
1727 4461 1909 4581 proferre

643 4581 743 4671 licet
758 4587 801 4669 in
816 4580 1032 4670 intervallo
1053 4581 1237 4667 adhibito
1253 4611 1329 4697 pro
1344 4587 1526 4697 uCymi.
1555 4585 1621 4670 Ad
1642 4586 1725 4692 ejus
1739 4579 1905 4694 pofitio-

644 4729 734 4788 nem
749 4703 938 4789 adhibitae
964 4700 1057 4787 sunt
1077 4703 1221 4786 Romae
1235 4723 1367 4812 partes
1387 4731 1440 4811 30
1464 4700 1515 4809 ad
1530 4693 1686 4791 levam,
1715 4703 1761 4785 dc
1787 4711 1843 4786 26
1858 4693 1908 4782 ad

643 4819 865 4916 dexteram,
879 4819 1027 4908 summa
1039 4821 1096 4906 est
1111 4830 1163 4921 56
1178 4883 1186 4902 .
1203 4823 1281 4904 Per
1292 4817 1394 4906 hanc
1405 4816 1535 4910 diviso
1548 4849 1713 4907 numero
1724 4818 1903 4934 partium

656 4969 681 4990 ··
1772 4953 1899 5018 totius
