4256 5730
663 595 690 676 8
1014 589 1576 682 bruscorum

663 705 830 823 quidem
848 729 900 796 eo
918 709 1042 820 magis
1061 707 1271 800 crescunt,
1301 737 1385 822 quo
1412 717 1536 824 magis
1552 741 1574 795 a
1600 709 1706 827 polis
1722 711 1929 802 receditur

535 857 538 864 ·
665 827 755 918 ira,
786 845 833 911 ut
860 829 1043 910 omniurn
1067 829 1264 913 maximus
1293 822 1342 910 sit
1356 827 1414 916 is,
1445 832 1514 940 qui
1542 831 1591 914 ab
1618 853 1795 942 utroque
1826 834 1931 944 polo

662 969 774 1058 aeque
803 939 949 1032 distat,
981 943 1095 1034 &in
1120 973 1170 1031 eo
1188 939 1303 1056 globi
1327 967 1446 1029 motu
1471 967 1651 1056 aequator
1675 944 1929 1059 appellatur.
2066 963 2071 974 '

662 1063 770 1146 Hinc
787 1057 845 1142 ibi
860 1054 1084 1176 centrisuga
1097 1060 1154 1145 vis
1169 1059 1355 1143 omnium
1369 1062 1543 1146 maxima
1557 1058 1628 1143 esse
1644 1062 1765 1146 debet
1782 1118 1793 1151 ,
1822 1090 1928 1172 quae,

659 1207 745 1291 quo
773 1175 901 1288 magis
930 1178 982 1262 ad
1007 1173 1127 1291 polos
1154 1175 1397 1268 acceditur,
1427 1204 1477 1260 eo
1504 1175 1705 1288 gradatim
1732 1174 1931 1262 decrescit

662 1296 816 1407 magis.
851 1296 955 1377 Rem
980 1295 1107 1406 igitur
1134 1295 1368 1404 Hugenius,
1400 1322 1448 1378 ae
1464 1298 1694 1380 Newtonus
1719 1293 1768 1378 ad
1793 1289 1932 1378 Tellu-

614 1433 616 1436 ·
660 1439 749 1495 rem
780 1407 1088 1495 transtulerunt.
1123 1411 1172 1492 In
1198 1410 1280 1512 ejus
1307 1409 1452 1494 diurno
1479 1427 1598 1494 motu
1628 1408 1932 1498 considerarunt

661 1530 746 1611 vim
779 1520 1048 1637 centrisirgam
1077 1522 1147 1612 sub
1176 1545 1378 1637 aequatore
1410 1527 1628 1612 maximam
1652 1523 1724 1610 else
1751 1525 1930 1619 debere,

658 1671 790 1756 prope
838 1639 926 1728 olos
945 1644 1179 1733 minimam,
1212 1645 1254 1725 in
1268 1639 1375 1753 polis
1390 1639 1539 1726 nullam
1559 1705 1567 1724 .
1600 1647 1810 1729 Notarunt
1826 1673 1932 1756 prae·

659 1778 771 1845 terea
796 1669 925 1848 illud,
958 1755 1083 1870 ipsam
1108 1754 1380 1870 vimcentrisu
1411 1787 1474 1844 arn
1499 1756 1572 1842 sub
1584 1781 1787 1869 aequatore
1802 1758 1928 1875 dirigi

661 1875 715 1968 ad
742 1893 878 1988 partes
905 1898 1048 1959 centro
1062 1871 1235 1957 Telluris
1260 1790 1493 1987 oppositas,
1524 1875 1636 1985 quod
1652 1871 1768 1988 ipsius
1798 1903 1930 1988 aequa·-

661 1993 765 2076 toris
781 1992 836 2078 est
849 2011 1061 2077 centrum,
1092 1991 1134 2070 in
1154 1987 1317 2100 reliquis
1332 2011 1466 2076 autem
1477 1989 1580 2074 locis
1596 1991 1714 2104 dirigi
1730 1993 1779 2075 ad
1792 2014 1928 2103 partes

661 2103 867 2221 oppositas
882 2103 944 2187 illi
961 2108 1115 2218 pundio
1137 2107 1246 2196 axis,
1277 2106 1389 2217 quod
1403 2107 1458 2192 esi
1472 2105 1616 2193 circuli
1630 2103 1823 2221 descripti
1836 2135 1930 2192 cen·
2031 2117 2034 2122 ’

661 2247 797 2314 trum,
813 2220 924 2334 quod
940 2221 1127 2308 nimirum
1139 2251 1188 2306 eo
1202 2223 1257 2306 est
1269 2226 1466 2309 remotius
1480 2254 1502 2308 a
1516 2247 1661 2310 centro
1672 2221 1828 2313 Terrae,
1846 2253 1929 2338 quo

594 2337 598 2348 ’
663 2337 835 2426 circulus
860 2335 928 2422 ille
946 2336 1029 2451 ipse
1046 2342 1095 2425 ab
1121 2359 1324 2450 aequatore
1341 2340 1497 2426 recedit
1523 2342 1674 2454 magis,
1707 2343 1753 2425 bc
1768 2340 1928 2425 accedit

551 2463 553 2466 ’
597 2495 604 2506 ·
661 2455 711 2538 ad
728 2453 1148 2566 polumutrumlibet;
1177 2483 1222 2540 ac
1237 2457 1410 2568 proinde
1434 2459 1599 2542 cumvis
1614 2459 1825 2568 gravitatis
1839 2459 1929 2544 ubi·

659 2600 738 2684 que
754 2569 953 2686 dirigatur
966 2568 1097 2658 versus
1110 2567 1246 2656 Terrae
1262 2572 1463 2662 medium,
1484 2571 1750 2657 observarunt
1768 2629 1780 2664 ‚
1797 2569 1926 2686 ipsam

659 2688 745 2772 vim
761 2687 1032 2802 centrisugam
1049 2685 1123 2773 sub
1151 2713 1353 2800 aequatore
1378 2691 1503 2803 magis
1522 2689 1648 2776 etiam
1676 2689 1828 2779 directe
1843 2719 1931 2804 gra·

657 2805 780 2890 vitati
793 2808 952 2920 opponi
972 2863 984 2896 ,
1010 2833 1128 2919 quam
1144 2801 1274 2892 versus
1292 2808 1437 2920 polos.

450 2968 514 3028 Μ,
527 2965 642 3040 gwst„
665 2941 669 2950 ·
723 2935 787 3008 18.
850 2924 911 3008 Ex
929 2943 1104 3035 utroque
1117 2924 1242 3035 igitur
1255 2926 1390 3036 capite
1403 2922 1681 3012 deducebatur
1693 2925 1797 3012 illud
1815 2984 1827 3020 ,
1842 2951 1947 3042 gru·

411 3057 439 3146 ἰῇ
450 3051 644 3115 „1121qu-
657 3040 796 3124 vitatis
812 3039 896 3122 vim
922 3037 993 3124 sub
1018 3061 1221 3151 aequatore
1243 3043 1415 3128 maxime
1442 3044 1655 3132 imminui,
1687 3040 1819 3128 versus
1844 3073 1927 3156 po·

410 3133 447 3184 ¹¹⁸
473 3161 483 3187 ’
515 3123 642 3253 &⁶³³2
655 3155 717 3239 los
734 3177 869 3240 autem
892 3156 1093 3266 gradatim
1110 3157 1268 3250 minus;
1297 3157 1400 3240 unde
1420 3155 1667 3268 inaequalitas
1695 3155 1766 3262 illa
1791 3162 1928 3270 gravi·

655 3273 752 3356 tatis
778 3275 819 3352 in
846 3265 1202 3379 stiperlicieTerrae
1228 3270 1473 3380 deprehensa
1497 3271 1849 3386 consequebatur,
1880 3277 1926 3358 dc

656 3415 757 3474 vero
782 3386 907 3468 etiam
933 3379 1155 3495 compressa
1168 3381 1341 3470 Telluris
1371 3382 1531 3471 forma.
1563 3393 1669 3470 Cum
1683 3386 1791 3471 enim
1817 3391 1926 3473 idem

657 3503 825 3589 deberet
841 3500 1020 3586 accidere
1032 3502 1074 3582 in
1087 3493 1369 3612 superficiebus
1383 3504 1569 3610 omnibus
1598 3500 1798 3617 sphaericis
1817 3505 1925 3589 intra

660 3615 779 3732 ipsrus
795 3613 970 3708 Telluris
983 3612 1135 3704 viscera
1160 3613 1418 3705 consideratis
1432 3622 1580 3708 eodem
1606 3613 1775 3715 centro'3
1805 3642 1922 3735 pate-

658 3739 758 3828 bat,
791 3757 929 3824 totum
954 3733 1112 3850 pondus
1138 3732 1336 3822 columnae
1363 3734 1478 3826 fluidi
1496 3735 1802 3854 asuperficiead
1830 3763 1924 3823 cen-

643 3875 768 3937 trum
782 3857 910 3940 minus
928 3852 1013 3940 sore
1033 3849 1101 3938 sub
1113 3878 1315 3968 aequatore
1334 3914 1346 3948 ,
1376 3885 1495 3970 quam
1511 3857 1560 3942 ad
1574 3855 1719 3971 polos,
1737 3883 1812 3942 nec
1824 3851 1920 3967 pos·

658 3966 698 4054 se
715 3971 851 4058 haberi
863 3968 1160 4085 aequilibrium,
1192 3967 1264 4058 nist
1277 3969 1326 4057 ad
1338 3977 1534 4062 minorem
1550 3975 1792 4088 gravitatem
1808 4000 1922 4055 com-

657 4085 899 4195 pensandam
912 4090 1035 4171 maria
1063 4085 1135 4174 sub
1161 4087 1470 4202 ipsoaequatore
1487 4091 1759 4178 elevarentur.
1790 4092 1921 4170 Acce·

658 4201 982 4294 debat&illud·,
1013 4231 1161 4290 cumea
1183 4209 1385 4320 gravitas,
1415 4237 1536 4321 quam
1554 4212 1595 4290 in
1623 4201 1830 4320 superficie
1844 4203 1920 4294 obe

660 4312 888 4412 servamus,
918 4323 1113 4435 componi
1128 4322 1293 4413 deberet
1308 4355 1359 4414 ex
1374 4331 1571 4440 gravitate
1587 4323 1657 4406 illa
1675 4319 1861 4407 tendente
1876 4319 1920 4402 in

659 4433 808 4550 sphaera
824 4441 874 4524 ad
888 4461 1069 4524 centrum
1084 4435 1200 4551 ipsius
1215 4441 1398 4556 sphaerae,
1426 4448 1476 4529 oc
1497 4471 1547 4530 ex
1559 4435 1753 4548 ejusmodi
1763 4438 1810 4528 'vi
1827 4461 1919 4524 aen·

660 4549 809 4667 trisuga
838 4554 957 4640 aliam
981 4555 1252 4644 diredtionem
1267 4561 1463 4649 habente,
1498 4561 1622 4645 maria
1642 4557 1685 4643 vi
1710 4556 1784 4643 hac
1809 4581 1920 4641 corn·

659 4665 792 4782 posita
812 4673 946 4788 urgeri
972 4672 1121 4768 debere¹
1141 4675 1299 4764 inlatus
1313 4677 1538 4764 dired’cione
1562 4703 1645 4759 non
1659 4671 1920 4794 perpendicu·

659 4783 736 4872 lari
750 4787 969 4906 superficiei
988 4787 1060 4908 ipsr
1078 4789 1301 4910 sphaericae,
1321 4793 1502 4912 adeoque
1518 4798 1561 4882 iu
1576 4789 1785 4911 superficie
1797 4784 1918 4920 sphe-

1833 4927 1920 4992 rica
