4178 5748
176 683 265 776 dem
292 679 457 772 dimenfi
484 688 590 800 typis
617 693 738 774 etiarn
769 688 810 767 in
835 689 993 800 ingenti
1024 711 1171 800 mappa
1195 601 1433 802 ediderant3.

178 811 322 892 Verum
343 833 433 886 cum
448 831 521 887 nec
538 802 619 888 ulla
632 808 690 890 ibi
714 805 907 888 habeatur
933 808 1055 894 urbs,
1082 808 1294 890 autetiam
1322 808 1440 890 nobi-

173 922 247 1010 lius
278 924 510 1034 0ppidum,
539 922 762 1006 videremus
790 943 922 1004 autem
953 935 1151 1004 recentem
1176 921 1443 1008 Mutinensem

175 1067 363 1152 mappam
376 1066 422 1121 ea
438 1034 779 1150 complec‘tentem
805 1037 923 1125 loca,
956 1040 1001 1121 δε
1017 1065 1088 1122 nos
1114 1036 1303 1151 poligoni
1322 1038 1448 1122 nostri

174 1183 270 1240 eura
296 1179 498 1267 urgeret,
531 1183 578 1236 ne
611 1158 799 1240 nimitum
825 1148 960 1266 elapso
988 1178 1230 1266 opportuno
1263 1177 1451 1269 ternpore

173 1273 323 1358 iterum
340 1271 389 1355 ad
403 1269 580 1358 nebulas,
596 1275 640 1357 δε
652 1276 787 1359 nubes,
810 1268 1008 1356 ueletiam
1022 1272 1130 1356 nives
1145 1271 1446 1361 deduceremur,

175 1391 364 1473 Romana
391 1391 456 1474 via
473 1387 717 1474 redeundum
743 1384 991 1478 censuimus,
1023 1383 1370 1475 observationibus
1387 1391 1447 1470 in·

175 1505 326 1590 {lituris
355 1505 396 1586 io
423 1508 587 1591 urbibus
616 1565 627 1598 ,
669 1533 755 1619 quae
781 1506 839 1589 ibi
869 1501 1091 1616 frequentes
1122 1528 1370 1594 occurrunt,
1398 1505 1444 1588 ὃς

174 1645 398 1713 montana,
430 1651 473 1705 ac
488 1624 705 1727 majoribus
717 1618 879 1737 oppidis
894 1621 1082 1704 destituta
1096 1621 1190 1710 loca
1202 1621 1441 1709 omittenda,

175 1765 351 1849 quorum
378 1735 527 1850 postus
554 1767 577 1821 e
605 1742 789 1852 mappis,
813 1763 908 1847 ques
934 1732 1176 1823 censeremus
1206 1739 1444 1824 accuratilli-

179 1882 294 1942 mas,
329 1883 571 1939 erueremus.
606 1857 794 1940 Faventia
813 1854 967 1963 igitur,
994 1855 1315 1943 ForoCornelii,
1339 1883 1442 1940 nunc

178 1969 294 2056 imola
312 2027 325 2060 ,
346 1975 448 2057 Foro
461 1974 566 2058 Livii
585 2030 597 2061 ,
618 1999 723 2054 nunc
743 1966 864 2057 Forll,
880 1973 1065 2080 exiguam
1079 1969 1287 2056 &editam
1302 1973 1442 2056 urbem

175 2087 466 2178 Bretonorium
496 2086 825 2173 conscendimus,
854 2111 957 2170 nunc
986 2086 1192 2198 appellant
1222 2093 1442 2177 Bertinrro,

176 2205 249 2287 ubi
263 2201 364 2290 caelo
377 2207 515 2319 potius
545 2202 645 2288 sudo
661 2197 965 2315 copiofisfimam
982 2199 1185 2289 habuimus
1201 2202 1446 2290 observatio·

174 2345 270 2403 nem
286 2374 299 2408 ,
329 2317 552 2434 longiffime
568 2323 675 2404 enim
694 2318 786 2402 inde
799 2313 1037 2430 prospestus
1057 2343 1198 2431 patet,
1227 2348 1369 2433 exqua
1384 2351 1446 2405 ur·

174 2437 228 2522 be
241 2433 432 2525 &senam
449 2441 651 2552 primum,
684 2459 771 2524 tum
784 2435 1012 2522 Ariminum
1041 2438 1251 2525 undecima
1262 2439 1361 2543 Maji
1376 2439 1441 2521 die

175 2553 335 2668 regressi
356 2551 511 2645 sumus.

243 2697 339 2769 172.
402 2675 628 2762 Ariminum
643 2674 768 2762 delati
786 2707 833 2764 ea
848 2674 980 2760 statim
1004 2681 1256 2764 curavimus,
1287 2702 1375 2787 quse
1394 2674 1444 2757 ad

175 2786 425 2903 poligonum
438 2797 718 2906 pertinebant.
754 2797 838 2905 Ego
849 2794 1014 2904 quidem
1028 2796 1108 2899 jam
1122 2793 1362 2909 perlitteras
1380 2815 1444 2874 tu·

175 2909 295 3020 guria
325 2905 439 2992 refici
465 2907 676 3017 jusseram,
708 2937 795 3023 quae
818 2936 892 3025 per
908 2907 1092 3022 hyemem
1116 2910 1264 2996 alicubi
1289 2907 1443 3012 dejesta

168 3023 341 3108 lucrant
357 3027 517 3135 penitus
537 3085 548 3117 ,
579 3026 676 3112 alibi
698 3022 960 3110 labefadtata.
995 3028 1156 3111 Mature
1172 3053 1304 3110 autem
1321 3025 1443 3106 etiam

171 3135 282 3224 illud
298 3167 479 3222 caveram
497 3141 673 3252 ,nequid
688 3160 846 3223 mutato
865 3137 1039 3220 militum
1052 3139 1277 3230 Scavolini,
1294 3143 1339 3225 dc
1352 3146 1445 3224 Car·

172 3278 322 3366 pegnae
354 3251 565 3364 praefidio,
598 3259 747 3340 iterum
776 3255 832 3338 ibi
860 3247 1031 3338 suboriri
1066 3255 1195 3370 pollet
1221 3255 1440 3344 obstaculi.

171 3370 315 3456 Prima
331 3391 463 3454 autem
478 3375 654 3457 Arimini
672 3400 765 3457 cura
780 3369 886 3460 suit,
918 3391 964 3453 ut
991 3371 1442 3484 ioaedibusGarampia-

1487 2695 1687 2750 Observationes

1459 2794 1505 2846 pro
1517 2772 1688 2845 politionel’o·

1460 2851 1542 2921 ligent
1563 2849 1594 2902 ad
1606 2849 1687 2899 Meri·

1459 2933 1560 2986 diuorum
1581 2955 1591 2977 ι
1613 2925 1689 2991 Signa

1459 3008 1542 3062 ereda
1573 3001 1605 3055 ad
1627 3001 1688 3053 bina

1458 3104 1505 3158 “P

175 3487 239 3571 nis
268 3514 320 3574 ex
355 3483 444 3599 ipso
474 3487 799 3576 observationum
818 3489 1188 3574 Astronomicarum
1216 3489 1312 3578 loco
1339 3490 1444 3572 dire·
1564 3517 1571 3526 ·

175 3604 358 3690 &ionem
372 3601 665 3694 observaremus
679 3613 800 3692 reetae
819 3603 995 3717 easaedes
1007 3607 1312 3721 jungentiscum
1328 3633 1443 3690 mon·

178 3741 220 3804 te
237 3723 378 3813 Luro,
410 3727 522 3830 cujus
541 3722 779 3841 prospedtus
794 3726 960 3835 patebat
980 3749 1030 3806 ex
1052 3725 1226 3810 editiore
1252 3723 1441 3813 senem-a,

179 3833 392 3926 referendo
420 3839 546 3957 ipsam
574 3844 625 3928 ad
639 3839 768 3930 Solem
790 3842 1014 3932 orientem,
1043 3863 1088 3927 ut
1103 3843 1198 3926 inde
1215 3845 1345 3926 omnis
1371 3868 1443 3951 po·

179 3949 309 4068 ligoni
325 3957 538 4072 pofitusad
561 3961 823 4046 meridianum
850 3954 1152 4072 referripoliet.
1187 3961 1281 4046 Eam
1307 3953 1443 4046 obser-

180 4077 388 4163 vationem
408 4085 634 4194 peregimus
648 4076 743 4186 Julii
758 4077 823 4158 die
844 4103 896 4161 21
917 4134 927 4166 ,
957 4071 1077 4162 sedin
1105 4077 1202 4164 loco
1221 4077 1439 4164 admodum

182 4193 451 4282 incommodo
466 4233 477 4294 ;
505 4191 958 4313 praeterquamquod&
986 4193 1167 4305 pluribus
1193 4193 1442 4280 redudtioni-

182 4311 256 4394 bus
273 4312 449 4426 indiguit
463 4349 507 4404 ea
532 4315 791 4402 observatio,
824 4315 868 4396 ὃς
885 4315 1073 4396 Romano
1090 4341 1179 4398 meo
1194 4311 1438 4423 horologio,
1482 4401 1486 4410 ¹

183 4457 267 4540 quo
281 4427 433 4520 easdem
449 4435 512 4522 hic
523 4439 666 4521 Romae
680 4426 977 4516 observationes
992 4455 1063 4538 per
1077 4433 1209 4514 otium
1225 4429 1369 4518 deinde
1385 4430 1443 4506 in·

181 4547 394 4642 stituimus,
409 4550 540 4636 multo
554 4545 803 4664 egoquidem
821 4546 942 4656 magis
959 4543 1166 4632 fidendum
1181 4544 1335 4632 censeo.
1354 4543 1441 4644 Ejus

179 4688 317 4746 autem
349 4665 632 4754 accuratiliima
660 4662 888 4777 aequalitate
927 4665 982 4747 est
1010 4695 1111 4775 opus
1140 4666 1303 4747 adeam
1333 4685 1439 4740 rem.

182 4776 300 4866 Hisce
328 4789 499 4902 peradiis
529 4783 582 4872 ad
611 4783 717 4898 ligna
742 4787 782 4866 in
812 4801 985 4891 utroque
1016 4781 1111 4866 bafis
1136 4802 1320 4978 mensio
1342 4801 1442 4972 cog·

1301 4918 1393 4978 tuen
1425 4921 1446 4977 a
