4256 5730
529 645 1196 738 PRIMUM..
1394 673 1446 752 ς7

181 795 262 855 tam
276 767 427 872 adjecit
446 830 455 850 .
485 771 614 855 Porro
629 797 700 854 nos
714 765 877 883 quidem
890 825 903 858 ‚
918 767 1093 854 redue‘to
1110 765 1152 849 in
1169 763 1325 854 alveum
1338 765 1453 855 Tibu-

179 889 238 974 ri,
269 890 449 970 Romam
467 881 583 970 illico
596 887 755 1000 regressi
780 882 937 972 sumus,
967 885 1074 970 unde
1090 885 1238 970 iterum
1256 913 1349 971 cum
1363 884 1450 970 aliis

178 1002 391 1088 earundem
419 1031 556 1087 terum
586 1007 728 1116 periris
744 1001 794 1085 ad
810 1001 1107 1089 decernendum
1132 1001 1319 1092 demum,
1351 1005 1453 1117 quid

181 1116 289 1204 sasso
306 1145 408 1232 opus
431 1115 554 1208 esset,
584 1121 688 1204 haud
707 1122 768 1205 ita
784 1118 917 1206 multo
932 1120 1021 1232 post
1039 1119 1183 1204 eodem
1211 1117 1423 1206 redivimus
1442 1187 1450 1206 .

180 1237 244 1320 Ad
262 1233 414 1318 vallum
430 1265 529 1320 vero
557 1236 701 1320 deinde
718 1236 1009 1322 restituendum
1035 1238 1198 1321 biennio
1220 1231 1299 1320 fere
1314 1237 1451 1351 ingens
1580 1259 1584 1268 '

182 1357 396 1466 operarum
411 1381 597 1439 numerus
613 1349 843 1438 desudavit.

244 1483 339 1556 108,
399 1467 1202 1586 Intereaadbafimdimetiendamprope
1231 1469 1358 1584 ipsam
1388 1501 1684 1568 nonnosum

179 1591 272 1675 bem
290 1589 467 1670 Romam
483 1615 556 1672 nos
584 1587 935 1700 comparavimus.
971 1588 1064 1694 Ejus
1076 1585 1214 1673 locum
1231 1589 1452 1676 invenimus
1468 1587 1624 1656 *ssim*

177 1702 365 1812 iniungo
382 1707 526 1816 Appiae
555 1706 627 1790 viae
645 1698 779 1789 ernesto
793 1702 988 1796 Albanae,
1020 1707 1065 1788 δι
1081 1709 1274 1802 Romanae
1290 1709 1379 1793 urbi
1394 1709 1454 1789 in·

178 1823 429 1927 terjeemrn,
455 1818 694 1935 aptissimum
726 1813 814 1912 sane
834 1851 855 1905 e
877 1825 1043 1934 regione
1068 1821 1244 1930 Janu'arii
1269 1825 1445 1916 montis,

179 1966 277 2022 cum
298 1963 384 2049 quo
406 1931 499 2022 satis
525 1939 719 2023 idoneum
748 1933 997 2052 triangulum
1020 1940 1254 2022 contineret
1281 2002 1290 2020 .
1321 1939 1447 2024 Earn,

179 2057 287 2140 viam
299 2051 453 2158 jamdiu
472 2057 734 2141 amatoribus
759 2052 993 2140 derelistam
1012 2110 1025 2145 ‚
1058 2057 1114 2140 ob
1126 2049 1336 2170 lapidum,
1366 2057 1450 2169 qui.

179 2174 254 2256 bus
273 2168 373 2256 olim
403 2169 605 2256 constrata
635 2167 794 2262 fitetur,
827 2161 924 2256 loeo
941 2169 1194 2260 dimotorum
1222 2175 1452 2262 incommo-

181 2289 311 2381 dum,
342 2289 490 2400 viginti
504 2287 670 2373 circiter
689 2291 739 2374 ab
764 2288 859 2372 hinc
886 2289 1022 2381 annis,
1055 2286 1135 2374 sere
1154 2292 1315 2403 penitus
1340 2317 1453 2375 erue·-

180 2427 281 2490 runt
295 2407 352 2492 ii,
374 2407 451 2516 qni
464 2404 512 2488 ad
528 2409 714 2491 Romana
740 2404 943 2491 sternenda
955 2406 1166 2520 compita,
1194 2401 1450 2518 lapidumin-

180 2544 345 2640 gentem
355 2522 438 2607 vim
450 2522 544 2608 inde
559 2522 840 2610 transtulerunt
856 2524 898 2606 in
910 2526 1061 2609 Urbem
1078 2579 1091 2616 ‚
1110 2544 1157 2607 ut
1171 2521 1328 2607 idcireo
1342 2524 1453 2608 iden·

182 2641 313 2726 tidem
327 2639 614 2726 tantummodo
629 2661 767 2726 extent
781 2636 935 2755 lapides
948 2642 1140 2725 editiores
1149 2639 1212 2723 issi
1229 2696 1240 2728 ,
1257 2640 1326 2752 qui
1343 2639 1452 2729 hinc,

180 2756 337 2845 &inde
355 2757 464 2842 viam
490 2756 662 2844 mediam
687 2755 795 2873 apud
821 2761 1030 2848 Romanos
1063 2757 1329 2842 coercebant.
1360 2752 1454 2840 Plu·

178 2877 293 2962 ribus
322 2894 456 2958 aurern
483 2872 642 2968 inlotis
667 2878 747 2984 jam
762 2879 958 2960 &aratro
984 2871 1141 2960 dimota
1168 2894 1282 2956 terra·
1304 2867 1454 2985 segetes

179 2992 455 3108 proveniunt.
489 2996 628 3086 Hine,
661 3014 780 3108 atque
806 2990 901 3075 inde
930 2994 1126 3077 continua
1156 2984 1294 3076 visitur
1320 2985 1456 3102 sepui-

177 3112 374 3206 cbrorum
390 3111 650 3220 antiquorum
678 3107 826 3198 series,
857 3134 1031 3219 quorum
1059 3130 1195 3192 tamen
1210 3101 1363 3188 nonnisi
1389 3133 1455 3188 ru-

173 3227 281 3312 dera
293 3227 472 3334 quaedam
488 3247 631 3320 extant
650 3280 662 3312 ,
694 3225 959 3336 &parietinae
972 3219 1134 3336 aspediu
1148 3219 1319 3306 horridae
1334 3277 1345 3314 ,
1362 3245 1454 3333 quae

174 3365 356 3430 tamen,
379 3368 477 3422 eum
498 3342 545 3424 iis
558 3336 648 3450 ipsis
672 3342 815 3425 veteris
843 3343 915 3425 vire
930 3335 1182 3454 lapideorum
1201 3337 1370 3422 laterum
1391 3365 1455 3424 ue·

179 3455 309 3570 stigiis
323 3457 438 3540 nobis
455 3454 672 3568 plurimum
692 3451 876 3569 profuit.
910 3461 1016 3542 Nam
1041 3456 1169 3540 omnis
1184 3453 1252 3538 ilse
1277 3448 1457 3561 ejusdem

180 3577 336 3660 erastus
346 3577 414 3684 qui
430 3577 479 3670 ab
495 3573 592 3656 nobe
606 3575 738 3657 Roma
749 3572 800 3657 ad
813 3571 1011 3658 Albanam
1025 3596 1186 3685 portam
1200 3573 1454 3684 porrigitur·

182 3688 419 3774 reeriffimas
451 3689 622 3774 omnino
645 3691 700 3772 est
726 3751 737 3772 .
768 3687 948 3803 Assurgit
979 3688 1051 3772 illa
1074 3689 1238 3800 quidem
1266 3683 1453 3769 nonnihil

185 3831 316 3916 prope
331 3808 370 3888 S.
386 3804 599 3889 Sebastiani
613 3806 737 3888 aedem
753 3809 849 3894 ‚ubi
866 3806 1022 3919 ingenti
1046 3833 1150 3918 gyro
1163 3805 1332 3915 erigitur
1356 3800 1455 3916 lapi·

185 3919 261 4004 dea
275 3918 384 4004 mose
398 3917 652 4034 sepulchrum
669 3919 843 4006 Metellae
854 3949 947 4006 eum
960 3922 1085 4006 veteri
1109 3913 1372 4033 inscriptione
1385 3917 1456 4004 ad·

185 4033 503 4128 hucincoiumi‚
536 4037 642 4150 apud
657 4041 911 4152 antiquitatis
926 4032 1123 4125 studiosos
1135 4036 1453 4122 celeberrimum.

182 4151 282 4234 lnde
300 4151 440 4238 vifitnr
453 4153 656 4249 constrata
668 4156 742 4240 viae
754 4183 872 4268 pars,
902 4185 981 4269 qua
1004 4155 1074 4240 ubi
1097 4151 1281 4239 nonnihil
1296 4145 1458 4266 proces-

186 4262 280 4350 seris
295 4328 307 4360 ‚
321 4269 489 4370 ¹Albanae
502 4294 634 4384 portae
650 4270 901 4360 adiacentem
922 4271 1076 4358 editam
1102 4291 1280 4354 veterem
1297 4267 1461 4354 Turrim

191 4380 387 4495 conspicis
404 4415 476 4500 per
491 4389 671 4493 medium
684 4389 759 4474 viae
775 4388 967 4479 duum,
994 4389 1103 4474 inter
1116 4389 1228 4472 binas
1244 4383 1465 4500 sepulchra·

190 4493 294 4582 sium
310 4501 494 4588 ruderum
511 4501 640 4594 relati
662 4507 813 4601 lineas,
845 4529 892 4592 ut
909 4507 959 4594 de
975 4504 1134 4591 dires’so
1149 4503 1282 4617 pofiru
1299 4504 1466 4592 dubita,

189 4637 236 4698 re
253 4641 337 4698 non
351 4614 496 4705 liceat.
913 4653 914 4657 ¹

254 4759 345 4834 1093
408 4737 485 4821 Pro
503 4736 633 4824 altero
663 4740 791 4853 igitur
810 4737 905 4826 basis
932 4764 1123 4830 extremo
1144 4735 1271 4852 ipsam
1287 4729 1466 4822 Metelle
1480 4695 1712 4848 εηῗξῗᾎῖζῗῖᾞι

190 4845 344 4948 molem
358 4847 592 4970 delegimus,
608 4863 799 4969 punciunr
813 4858 1004 4952 nimirum
1021 4856 1138 4948 illud,
1152 4853 1264 4977 quod
1278 4851 1468 4943 iraeadem
1483 4859 1629 4952 ι’,οηιπιίιεις
1644 4873 1651 4904 ²
1666 4871 1711 4922 re·

1434 4972 1442 4988 .
1482 4939 1620 4990 rseuluma
1641 4931 1713 4985 erar·

902 4977 943 5068 H
1105 5087 1107 5092 Ι
1353 5065 1355 5071 .
1404 4997 1470 5060 7¹²
1483 5014 1557 5072 bur·
