4132 5766
483 547 537 664 Q
584 542 721 628 U'A
779 549 822 631 R
880 545 916 633 T
975 546 1014 630 U
1071 551 1138 633 M.
1358 573 1444 656 259

191 660 498 784 caputcochlcae
515 655 594 748 li'P
611 717 622 750 ,
652 663 765 778 cujus
781 689 861 776 ope
890 666 947 748 ica
959 668 1152 750 movebat
1172 659 1366 754 seciorem
1383 689 1448 754 to·

188 809 275 874 tum
291 835 303 872 ,
319 805 365 868 ut
380 777 492 864 filum
512 774 614 861 illud
627 770 756 888 ipsum
771 779 821 862 ad
838 743 975 866 Firlrm
993 779 1216 893 appelleret
1231 847 1241 868 .
1505 853 1651 910 mm
1670 875 1694 914 r,

251 925 343 1008 134.
379 902 615 992 Porrocuru
629 895 1005 982 Fixarumomnium
1024 897 1221 983 diameter
1251 901 1445 1015 appar'em
1463 943 1496 982 ιι
1511 879 1695 1009 rammi,

185 1008 472 1103 srtnonsolum
501 1004 633 1093 multo
648 1011 782 1095 minor
814 1039 896 1096 uno
925 1013 1085 1098 minuto
1113 1011 1316 1110 secundo,
1344 1019 1570 1105 trtin.⁹²¹'‘¹“e
1601 1015 1697 1084 “¹⁸¹⁸
1837 1095 1839 1100 .

186 1126 479 1218 cosmotheoro
498 1127 699 1238 Hugrnius
713 1125 902 1238 prodidit
921 1187 932 1220 ,
966 1127 1034 1214 sed
1050 1153 1097 1214 ut
1125 1133 1165 1213 in
1182 1136 1335 1219 recenti
1363 1132 1443 1219 dis·
1461 1091 1697 1224 limum:

188 1243 410 1332 sertatione
429 1243 480 1326 de
508 1242 711 1335 lentibus,
741 1245 787 1328 δι
808 1240 1034 1360 telescopiis
1058 1250 1241 1336 evincere
1275 1272 1444 1337 conatus
1462 1237 1529 1296 ⁵¹¹⁸·

187 1357 288 1452 sum,
305 1357 437 1448 multo
446 1363 581 1444 minor
593 1385 676 1444 uno
690 1360 815 1443 tertio
833 1417 844 1450 ,
860 1361 1055 1447 deberent
1068 1361 1161 1475 ipsae
1177 1393 1368 1480 apparere
1382 1371 1444 1450 iu·

165 1490 168 1496 ’
187 1479 265 1567 liar
277 1479 418 1590 pund'ti
435 1532 447 1566 ,
467 1475 577 1590 quod
590 1475 752 1587 quidem
766 1472 858 1562 satis
872 1479 1175 1564 incommodum
1193 1479 1288 1566 eliet
1304 1515 1320 1576 ,¹
1335 1509 1447 1596 tege·

188 1619 327 1684 rentur
342 1591 568 1678 euimafilo
584 1594 671 1682 ita,
700 1613 746 1677 ut
762 1619 845 1677 non
860 1591 999 1679 liceret
1013 1594 1151 1687 nolle,
1181 1625 1230 1682 an
1253 1601 1294 1679 in
1308 1602 1444 1684 medio

187 1711 312 1794 client
326 1705 409 1810 ejus
438 1714 612 1796 tractui,
640 1707 883 1824 quemfilum
906 1709 1037 1823 ipsum
1069 1712 1305 1828 intercipit,
1333 1715 1445 1828 quod

189 1829 247 1912 eli
275 1822 433 1937 aliquot
461 1823 748 1910 secundorum.
782 1831 934 1911 Verum
948 1830 1150 1913 aberratio
1178 1829 1365 1924 luminis,
1396 1829 1445 1914 de

189 1970 268 2054 qua
284 1947 403 2028 ctiam
421 1937 596 2051 superius
610 1940 757 2044 injecta
782 1941 840 2026 est
853 1945 1034 2032 mentio,
1074 1941 1174 2028 illud
1190 1949 1372 2054 praestat,
1402 1967 1448 2032 ut

188 2061 324 2169 imago
340 2059 442 2146 tixae
456 2053 666 2162 cujussibet
696 2055 904 2142 circellum
919 2058 1117 2172 quendam
1143 2087 1345 2176 occupet,
1376 2065 1447 2178 qui

189 2205 244 2259 eo
261 2175 414 2278 majore
440 2172 640 2258 tractuest
666 2168 881 2263 senlibilit,
912 2206 995 2290 quo
1012 2176 1134 2280 majus
1161 2179 1216 2263 est
1240 2177 1451 2264 lumenFi·

192 2315 257 2372 xae
275 2345 287 2378 ,
315 2289 452 2401 &quo
466 2292 600 2374 minor
616 2288 672 2374 est
684 2286 785 2373 Caeli
801 2288 897 2374 lux.
928 2291 1023 2376 Inde
1038 2293 1187 2383 fiebat,
1212 2316 1258 2378 ut
1275 2323 1347 2408 per
1377 2321 1451 2380 no·

192 2407 301 2492 diem
314 2406 447 2516 imago
459 2401 663 2517 utriulque
679 2407 823 2492 nostrae
839 2405 961 2492 stellae
985 2435 1066 2490 non
1081 2411 1138 2490 ita
1157 2439 1297 2518 parum
1324 2409 1448 2504 hinc,

190 2519 465 2609 &indeafilo
480 2543 729 2609 excurreret,
761 2525 873 2630 cujus
891 2523 1157 2635 nigricantem
1189 2523 1452 2612 tenuissimum

197 2643 373 2728 tractum
389 2637 540 2725 licebat
552 2638 701 2722 intueri
718 2639 759 2718 in
774 2668 820 2724 ea
834 2634 918 2834 ipsa
928 2638 1017 2722 luce
1032 2693 1044 2728 ,
1073 2640 1113 2720 iu
1128 2638 1452 2754 crepusculispa·

195 2779 283 2838 tum
302 2753 522 2839 admodum
538 2752 676 2837 eadem
693 2756 830 2866 imago
860 2777 1044 2868 uperaret
1059 2751 1116 2837 fili
1128 2755 1450 2844 crailitudinenr,
1477 2749 1480 2756 ⁴

195 2871 370 2959 interdiu
388 2900 434 2955 ea
452 2869 621 2983 quidem
632 2900 659 2952 a
671 2873 800 2984 Cycni
813 2893 1033 2981 aequaretur
1045 2869 1095 2952 ad
1110 2864 1260 2956 sensum
1276 2926 1290 2961 ,
1306 2866 1453 2957 tenuis·

195 2981 295 3070 fimo
312 2982 471 3098 fulgore
497 2986 615 3076 hinc,
651 2987 883 3072 &indevix
901 2985 1066 3098 aliquod
1100 2984 1315 3094 aliquando
1347 2988 1454 3072 Fixae

199 3099 363 3184 latentis
377 3103 586 3210 velligium
599 3099 848 3210 relinquente
865 3158 877 3192 ,
913 3100 1128 3214 aliquando
1144 3130 1241 3187 vero
1270 3098 1453 3193 nullum,

198 3213 329 3306 altera
340 3243 434 3300 vero
452 3216 640 3300 nimirum
654 3245 685 3319 μ
699 3214 806 3300 Ursae
819 3214 963 3302 lateret
982 3219 1139 3328 penitus
1158 3215 1308 3331 semper
1327 3219 1455 3302 inter·

200 3331 301 3421 diu,
321 3325 387 3414 sed
406 3331 465 3418 ita
478 3389 489 3422 ,
504 3332 731 3418 utminimo
742 3351 858 3415 motu
873 3333 1049 3418 cochlear
1077 3335 1119 3414 in
1133 3354 1265 3446 partes
1292 3326 1455 3447 oppofi·

202 3470 261 3532 tas
272 3450 353 3554 jam
366 3447 457 3530 hinc
473 3503 483 3536 ,
496 3449 575 3551 jam
594 3443 807 3532 indeafilo
826 3469 1063 3560 appareret.
1092 3456 1228 3570 Quare
1244 3472 1337 3534 tuto
1349 3443 1453 3528 illud

202 3562 359 3675 semper
377 3566 547 3674 praeliari
562 3587 725 3677 poterat
743 3625 755 3658 ,
787 3589 832 3649 ut
845 3565 1021 3648 medium
1048 3566 1230 3678 imaginis
1244 3565 1346 3649 Fixae
1359 3587 1453 3644 cum

202 3675 673 3768 mediafilicraffitudine
699 3683 1157 3793 apprimdcongrueret.
1296 3709 1310 3746 ··
1448 3677 1454 3684 ’

263 3815 356 3906 13ς.
390 3796 497 3886 Hinc
524 3820 659 3880 autern
684 3851 697 3886 ,
724 3820 770 3882 ut
795 3792 938 3880 liceret
962 3791 1169 3880 observare
1199 3813 1449 3878 momentum
1470 3825 1527 3887 ou,
1542 3819 1703 3878 namot.

198 3914 419 4025 temporis,
451 3941 534 4024 quo
548 3913 640 4000 Fixa
668 3911 897 4026 appellebat
922 3909 972 3995 ad
998 3907 1112 3997 filum
1135 3906 1258 4023 plano
1283 3906 1449 3995 sectoris
1470 3897 1702 4032 s‘Jl's:{¹24⁶⁸fflffi

196 4027 460 4138 parallelum,
475 4028 690 4140 aliquando
706 4056 808 4142 opus
830 4050 918 4111 erat
934 4023 1058 4140 ipsam
1074 4025 1123 4110 ad
1150 4022 1264 4110 filum
1283 4051 1451 4138 perpen-
1470 3995 1620 4122 laurea„
1643 4056 1701 4108 rm·

194 4139 372 4226 diculare
397 4145 593 4238 adducere
615 4143 1106 4258 tantummodopolleum
1132 4137 1339 4256 appulsum
1365 4204 1372 4222 .
1402 4137 1450 4222 ld
1470 4129 1526 4186 δ’·

198 4279 333 4340 autem
346 4261 465 4344 fiebat
482 4282 602 4350 tuto,
619 4287 709 4342 nam
722 4259 884 4344 filorum
902 4255 1098 4364 ejusmodi
1125 4253 1452 4343 accuratissimam

199 4367 444 4486 politionem
473 4377 672 4488 prodebat
685 4372 814 4464 illud,
840 4373 950 4486 quod
966 4373 1088 4464 Fixa,
1117 4398 1204 4486 quae
1233 4367 1363 4483 semel
1378 4399 1452 4484 per

198 4490 377 4574 medium
394 4491 503 4574 filum
521 4485 611 4574 fer'ri
624 4513 825 4604 caeperat,
851 4488 1003 4604 semper
1015 4483 1136 4602 usque
1164 4484 1348 4574 adfinem
1361 4511 1454 4592 cum

194 4603 288 4718 ipso
304 4607 439 4702 medio
452 4609 731 4720 congruebat,
760 4603 844 4692 &fi
862 4605 972 4692 forte
986 4608 1145 4720 penitus
1155 4607 1207 4712 ab
1236 4631 1286 4688 eo
1300 4625 1455 4712 tegere·

196 4745 264 4809 tur
278 4724 430 4818 initio,
461 4751 664 4836 nunquam
682 4720 825 4812 deinde
841 4723 1023 4836 prodiret
1048 4726 1089 4806 in
1112 4715 1397 4830 conspectum.
1460 4799 1463 4808 Α

792 4837 946 4924 Kk2
1363 4836 1455 4939 qd
