4136 5778
458 615 694 735 Qua
758 615 801 702 a
860 607 895 700 τ
954 613 1003 716 u
1051 613 1130 726 Μ.
1322 635 1410 728 an

173 775 180 784 ·
219 735 313 852 326.
397 737 563 842 uoniam
577 727 904 846 poliremabafis
918 729 959 816 bc
971 736 1128 832 eruitur
1143 759 1164 818 e
1180 733 1312 846 prima
1329 729 1408 822 basi
1424 763 1589 820 connum
1604 784 1659 826 aa·

163 859 220 944 La
240 859 280 939 in
292 854 394 940 tabu
413 883 437 936 a
462 877 576 936 num.
593 875 649 935 21
668 847 897 964 opusculi2
916 878 987 964 per
1012 849 1152 938 seriem
1182 852 1407 968 triangulo·
1425 843 1658 978 ώἻΨζωΨ

159 1003 249 1060 rum
268 1003 335 1068 11,
371 972 602 1082 inquorum
625 965 785 1082 lingulis
797 965 1040 1055 adhibentur
1070 971 1155 1054 bini
1181 973 1351 1089 anguli,
1382 940 1483 1058 fi.'''
1504 940 1570 980 Μ
1594 957 1607 982 ’

160 1119 301 1180 ornnes
316 1113 473 1176 errores
492 1080 763 1172 coalescerent
780 1089 867 1177 ibi,
900 1085 1142 1174 haberentur
1156 1117 1310 1178 errores
1325 1119 1380 1180 22
1399 1158 1409 1178 .

160 1213 203 1298 Si
215 1235 268 1294 ex
281 1233 422 1292 eorum
438 1199 681 1317 angulorum
693 1203 831 1322 aliquo
843 1226 1006 1294 eruatur
1020 1231 1136 1292 error
1153 1237 1231 1322 pro
1247 1238 1293 1294 ea
1303 1207 1383 1298 bafi
1399 1267 1412 1302 ‚

155 1355 208 1418 ex
241 1325 491 1412 theoremate
504 1349 611 1406 num.
631 1351 754 1434 317.‚
787 1351 835 1410 ae
848 1351 930 1525 pro
946 1325 1110 1438 reliquis
1137 1321 1272 1440 posito
1299 1352 1416 1414 cate·

159 1469 301 1548 rorum
317 1436 556 1554 angulorum
574 1467 709 1528 errore
733 1443 878 1558 requei
906 1436 1081 1530 sumatur
1095 1469 1239 1536 error,
1270 1450 1341 1560 qui
1368 1450 1420 1534 ab

160 1557 296 1678 ipsum
313 1557 393 1650 fit,
423 1577 470 1642 ut
496 1556 729 1670 posterioris
752 1556 889 1674 anguli
916 1581 1080 1674 tangens
1106 1561 1156 1648 ad
1183 1582 1421 1679 tangentem

158 1673 392 1798 prioriavel
404 1695 452 1759 ut
465 1695 683 1789 cotangena
699 1681 847 1793 prioris
859 1677 909 1764 ad
921 1700 1207 1792 cotangentem
1222 1683 1423 1796 posterio-

160 1800 248 1887 ris,
280 1795 620 1881 habebiturerror
639 1819 755 1884 ortua
767 1821 819 1882 etr
831 1795 905 1882 illo
915 1797 1151 1909 posteriore,
1171 1827 1217 1883 ae
1231 1829 1282 1886 eo
1295 1804 1422 1916 padio

160 1911 368 2003 sierrores
391 1940 528 2000 omnes
558 1909 866 2027 conspirarent,
898 1943 1039 2000 eorum
1063 1911 1215 2002 summa
1239 1943 1426 2004 errorem

162 2056 305 2120 totum
326 2029 535 2118 exhiberet
556 2093 567 2116 .
600 2036 731 2116 Porro
758 2034 932 2118 maxime
945 2030 1208 2119 commodum
1227 2034 1284 2120 est
1301 2031 1423 2119 semel

161 2152 351 2236 invenire
364 2177 541 2236 errorem
558 2177 608 2234 ex
620 2149 768 2265 angulo
781 2151 892 2266 grad.
909 2172 965 2254 45
983 2204 995 2240 ‚
1010 2151 1123 2257 cujus
1136 2175 1358 2267 cotangens
1374 2179 1426 2236 et·

154 2290 317 2386 quatur
329 2266 494 2352 radioJa
510 2265 804 2383 multiplicatus
818 2298 890 2384 per
903 2266 1099 2356 summam
1115 2273 1425 2385 cotangentium

157 2387 416 2498 reliquorum
432 2383 671 2502 angulorum
686 2387 735 2472 ad
749 2387 904 2474 radium
923 2413 941 2472 1
962 2383 1243 2502 assumpturum
1260 2388 1426 2476 exhibe·

162 2507 231 2600 bit
248 2529 430 2588 errorum
456 2502 704 2617 reliquorum
719 2501 937 2593 summam.
964 2503 1222 2594 istauternia
1249 2509 1291 2590 in
1303 2501 1421 2596 bafia
1504 2596 1510 2612 ,

155 2617 446 2708 milliariorum
462 2649 541 2737 pro
558 2652 695 2710 errore
716 2651 766 2710 ro
787 2621 1050 2711 secundorum
1064 2625 1250 2735 proxime
1264 2655 1304 2710 o.
1324 2636 1425 2734 388.

163 2829 168 2834 ,
221 2765 321 2854 321.
353 2741 466 2824 lnito
478 2739 640 2825 calculo
663 2769 742 2853 pro
759 2741 924 2855 reliquis
938 2736 1123 2850 angulis,
1149 2741 1194 2823 &
1225 2737 1427 2852 assumpto

157 2887 302 2947 errore
315 2885 393 2970 pro
408 2852 593 2967 augulis,
620 2859 690 2967 qui
706 2850 785 2940 basa
798 2874 1095 2969 opponuntur,
1110 2851 1379 2958 secundorum
1402 2873 1425 2956 ς

158 3007 247 3094 pro
261 2972 426 3087 reliquis
444 3001 491 3058 ro
508 2968 858 3087 ,conspirantibus
871 2971 1058 3082 omnibus
1070 2971 1271 3058 erroribus
1285 3027 1298 3064 ,
1311 2997 1429 3056 error

156 3099 209 3177 in
226 3087 304 3176 bafi
321 3093 527 3203 postrema
551 3091 595 3176 bc
608 3087 704 3177 esset
729 3089 906 3204 passuum
922 3101 949 3177 6
955 3152 965 3175 .
983 3096 1038 3202 ξ..
1070 3091 1109 3175 Is
1123 3109 1255 3174 tamen
1274 3111 1430 3174 unum.-

221 3203 608 3297 annunciatur,
631 3229 680 3294 ut
708 3208 864 3294 constat
889 3237 941 3294 ex
967 3231 1148 3292 numan
1173 3198 1360 3320 opusculi
1375 3229 1429 3292 2.

147 3237 390 3436 llsquidem
404 3325 563 3415 idcirco
575 3327 757 3417 accidit,
785 3327 881 3440 quia
893 3351 1051 3409 errores
1068 3349 1206 3412 omnes
1227 3349 1313 3407 non
1326 3347 1431 3410 con-

149 3440 316 3560 spirant
332 3496 345 3532 ,
361 3437 428 3530 sed
445 3439 514 3530 alii
531 3441 651 3530 aliter
669 3468 795 3558 agunt
810 3499 822 3533 ‚
837 3448 883 3532 δε
897 3439 938 3528 se
952 3444 1131 3529 maxima
1142 3465 1197 3528 ex
1208 3463 1323 3556 parte
1336 3465 1433 3524 cor·

149 3563 331 3678 figunt,
357 3587 405 3652 ut
418 3563 542 3650 etiam
557 3559 677 3679 supra
702 3565 929 3664 innuimus„

192 3705 296 3792 322.
317 3679 451 3770 Posset
466 3680 612 3782 eodem
629 3688 754 3798 paeio
766 3685 917 3799 inquiri
934 3686 975 3770 in
987 3711 1144 3772 errores
1156 3677 1328 3770 laterum
1338 3675 1430 3772 ter,
1446 3727 1681 3802 erumpunt·

153 3802 240 3919 HF
244 3851 258 3890 ‚
270 3801 333 3884 FC
341 3857 354 3894 ‚
378 3803 470 3893 CA,
495 3803 687 3890 &intra
692 3803 906 3890 haberetur
917 3800 1091 3915 duplex:
1122 3805 1164 3886 in
1177 3803 1252 3888 HF
1262 3803 1432 3886 invento
1446 3808 1488 3862 *ἰ*
1508 3807 1612 3934 ¹¹¹⁸se=
1630 3825 1683 3878 rw

152 3947 234 4036 per
246 3943 278 4017 4
290 3917 494 4033 triangula
504 3922 618 4012 trra,
638 3922 747 4008 [ΙΙΙ.
769 3918 883 4012 lllG,
896 3916 1227 4034 HGFot'tuplex:
1242 3921 1284 4001 in
1300 3921 1362 4004 FC
1374 3916 1435 3998 in·
1446 3885 1683 4025 mamma:

152 4054 291 4124 vento
304 4065 378 4151 per
394 4035 597 4152 triangula
610 4033 764 4152 septem
778 4065 936 4124 errores
955 4037 1075 4137 141in
1093 4039 1160 4124 CA
1179 4035 1348 4122 invento
1362 4061 1437 4148 per

150 4154 368 4264 triangula
381 4185 528 4244 novem
553 4151 751 4264 ejusmodi
778 4177 894 4241 error
913 4156 1273 4242 committeretur,
1300 4153 1370 4264 qui
1385 4175 1437 4238 ex

157 4297 226 4358 20
236 4274 438 4360 erroribus
454 4273 656 4362 constaret
670 4333 679 4356 .
706 4273 755 4356 In
770 4273 991 4358 eorundem
1008 4269 1181 4356 laterum
1194 4267 1437 4358 redut‘iione

158 4386 220 4476 ad
251 4390 516 4478 meridianum
543 4387 904 4476 committerentur
920 4410 1114 4500 praeterea
1140 4390 1266 4474 etiam
1281 4413 1440 4472 errores

159 4501 238 4594 alii
254 4499 271 4593 ,’
294 4501 360 4590 sed
385 4508 416 4590 ii
442 4511 498 4598 ob
511 4505 699 4623 angulum
728 4503 899 4593 alterum
917 4507 1103 4594 remum,
1129 4501 1303 4592 alterum
1324 4507 1440 4588 reeio

154 4622 400 4740 proximum
415 4647 501 4710 tarn
515 4625 653 4738 exigui
673 4620 823 4714 essent,
842 4645 889 4708 ut
905 4615 1056 4707 sensum
1071 4617 1157 4710 sere
1172 4647 1333 4709 omnem
1347 4645 1443 4704 orn·

155 4742 267 4826 nino
278 4739 520 4857 effugerent.
534 4745 694 4832 Priores
705 4741 766 4825 illi
780 4767 933 4828 errores
948 4735 1040 4828 satit
1054 4741 1189 4855 magni
1208 4736 1357 4826 client,
1373 4731 1441 4818 sed

155 4859 294 4947 minui
309 4856 496 4975 possent,
512 4859 765 4976 deveniendo
781 4857 833 4947 ad
820 4854 956 5061 Ylatua
971 4859 1047 4945 HF
1070 4851 1186 4944 abasi
1199 4845 1444 5061 Ariminelufi

885 5003 913 5094 l
1332 4999 1379 5103 ,⁴
1430 5025 1444 5065 ’

509 5174 523 5214 l
