4178 5748
649 643 728 727 rm
898 605 1550 706 ¹OPUSGULUM.

647 757 687 822 te
704 727 888 842 aliquota
911 722 1149 812 adamuffim
1165 727 1490 814 determinanda.
1520 724 1841 814 Satisenimerat
1856 729 1907 818 ad

645 847 757 934 illam
793 873 912 960 quam
939 845 1126 959 proxime
1154 841 1342 932 accessisse
1368 903 1379 940 ‚
1410 845 1550 931 habita
1576 845 1731 928 interea
1751 848 1911 934 ratione

645 961 814 1052 excessus
830 957 896 1050 seu
923 961 1128 1051 defectus,
1155 991 1238 1076 quo
1264 991 1354 1077 para
1381 962 1452 1048 illa
1467 983 1536 1048 tot
1564 962 1720 1050 uicibus
1751 959 1909 1078 sumpta

645 1082 819 1196 Set‘ioris
830 1077 1128 1194 longitudinem
1156 1077 1389 1193 superabat,
1417 1074 1909 1194 autabeasuperabatut.

645 1205 738 1289 Hoc
755 1199 861 1284 enim
886 1194 1098 1299 discrimen
1123 1195 1341 1286 istiusmodi
1367 1197 1440 1286 esse
1468 1227 1551 1284 non
1577 1218 1767 1310 poterat.
1796 1223 1843 1287 ut
1869 1203 1912 1286 in

644 1341 778 1435 partes
793 1317 940 1429 viginti
953 1340 1022 1402 aut
1047 1313 1179 1430 plures
1205 1318 1466 1406 distributum
1492 1312 1713 1402 sensibilem
1727 1343 1912 1408 errorem

646 1431 799 1551 affigere
814 1429 968 1547 posset.
993 1437 1192 1522 Ponamus
1215 1438 1349 1526 enirn,
1367 1433 1533 1550 sumptis
1550 1435 1678 1520 tribua
1706 1435 1751 1520 δι
1766 1435 1913 1547 viginti
1980 1481 1988 1514 r

646 1554 829 1670 partibus
847 1551 1062 1661 aequalibus
1080 1613 1092 1648 ,
1107 1549 1300 1668 superesse
1314 1553 1537 1640 etiamnum
1559 1553 1609 1638 ad
1627 1573 1759 1640 totam
1774 1553 1912 1638 Serto-

646 1671 699 1756 ris
730 1666 1026 1781 longitudinem
1066 1669 1296 1785 aequandam
1323 1690 1483 1785 partem
1519 1668 1604 1776 eiua
1647 1665 1911 1869 quingentesi-

646 1815 782 1874 mum,
812 1787 857 1868 dc
885 1785 928 1866 in
955 1813 1003 1869 ea
1028 1782 1279 1874 dimetienda
1304 1797 1512 1880 errorem,
1539 1789 1610 1900 qui
1638 1787 1706 1874 uni
1751 1783 1912 1876 ecundo
1997 1837 2001 1843 ·

647 1899 906 2016 aequivaleat‚
941 1900 1147 1991 admissum
1160 1902 1234 1988 esse
1253 1970 1263 1992 .
1283 1905 1521 1998 Evidenrest
1534 1907 1578 1990 in
1603 1905 1683 1992 hoc
1700 1895 1822 1989 casu,
1852 1929 1916 1991 er·

645 2047 737 2104 rore
764 2045 837 2128 per
861 2012 1028 2131 singulas
1050 2044 1186 2134 partes
1209 2021 1410 2135 aliquotas
1434 2021 1639 2135 aequaliter
1663 2018 1911 2110 distributo,

646 2137 688 2220 in
701 2133 908 2220 metienda
934 2132 1006 2220 illa
1032 2161 1151 2250 purte
1166 2137 1349 2252 aliquota
1375 2166 1458 2222 non
1473 2133 1546 2222 nisi
1569 2138 1696 2254 partia
1711 2131 1910 2248 vigesima

651 2253 782 2342 tertiae
794 2253 910 2338 unius
924 2255 1072 2339 minuti
1088 2252 1250 2342 secundi
1269 2285 1451 2344 errorem
1466 2257 1601 2344 timeri
1615 2251 1750 2369 polle.
1803 2283 1809 2292 ’

712 2381 750 2453 8.
783 2367 1017 2480 Exploratis
1030 2371 1108 2456 hoc
1121 2373 1249 2468 modo
1261 2372 1465 2459 erroribus
1491 2373 1576 2460 Tan
1627 2371 1736 2466 ntia,
1764 2369 1910 2484 depre-

652 2481 817 2572 hensum
831 2483 900 2571 est,
913 2513 1002 2572 eam
1015 2483 1123 2572 fuisse
1138 2493 1315 2602 partium
1327 2488 1498 2580 duarum
1509 2493 1555 2576 δι
1582 2489 1847 2601 emarginat,
1865 2488 1909 2570 in

654 2632 753 2720 quas
764 2595 888 2686 divisa
900 2626 987 2687 erat
1006 2625 1096 2691 tota
1112 2609 1195 2713 ejus
1211 2603 1444 2720 longitudo,
1459 2603 1774 2717 inaequalitatem
1790 2661 1802 2694 ‚
1822 2631 1912 2718 quae

655 2746 839 2834 errorem
860 2741 1118 2830 quatuoraut
1134 2726 1338 2836 quinque,
1368 2717 1432 2807 vel
1458 2721 1582 2808 etiarn
1608 2718 1677 2811 sex
1703 2722 1911 2818 interdum

599 2873 601 2878 ’
653 2841 904 2926 minutorum
916 2831 1207 2933 secundorum,
1237 2839 1356 2931 semel
1370 2840 1494 2924 etiam
1508 2838 1761 2927 undenorum
1776 2867 1914 2954 parere

654 2951 860 3074 potuisset,
879 2953 938 3036 ita
951 2974 1099 3046 tamen,
1117 2979 1164 3044 ut
1178 2957 1314 3046 multo
1327 2957 1497 3071 propius
1513 2987 1535 3040 a
1553 2984 1650 3043 vero
1664 2954 1839 3042 abessent
1852 2957 1917 3040 di·

654 3069 822 3178 rifiones
836 3072 963 3185 partis
977 3073 1154 3170 dexterae
1167 3105 1287 3190 quarn
1313 3075 1446 3166 laevaer
1473 3095 1596 3186 atque
1607 3093 1656 3165 ut
1678 3073 1737 3158 hae
1748 3073 1917 3186 quidem

647 3189 1255 3294 omnesjustominoreseffent,
1284 3187 1448 3305 sumpto
1470 3191 1916 3286 nimirumt'otointer·

652 3303 1912 3406 ualloabinitiodivisronis‚siunumautalterumioterrallum

649 3425 939 3536 excipiar,cum
954 3447 1086 3512 tamen
1099 3448 1193 3516 tota
1205 3429 1411 3512 ambarum
1424 3421 1620 3515 colleeiio
1632 3421 1836 3510 interdurn
1847 3450 1915 3511 err·

650 3537 768 3632 cessa,
782 3537 984 3630 interdum
995 3539 1157 3630 desedlu
1164 3564 1369 3658 peccaret.
1383 3541 1847 3654 Examinataquoqueest
1864 3535 1918 3624 se·

648 3663 827 3773 paratim
839 3689 914 3777 per
926 3660 1200 3750 conversiones
1212 3661 1387 3748 cochleae
1401 3687 1492 3774 pars
1505 3685 1770 3774 unaquaeque,
1786 3660 1831 3744 δι
1843 3655 1917 3744 Ta·

624 3865 628 3876 ,
646 3776 742 3872 bula
753 3807 938 3866 errorum
955 3777 1102 3866 exinde
1115 3775 1330 3877 conferta,
1354 3807 1442 3892 quae
1459 3779 1528 3865 uix
1539 3772 1774 3862 senfibiliter
1789 3777 1842 3860 ab
1858 3769 1916 3858 al·

614 3896 619 3908 '
647 3922 733 3982 tera
746 3891 1022 4010 discrepabat:
1038 3896 1168 4003 major
1180 3901 1316 3996 tamen
1330 3891 1428 3996 fides
1441 3895 1570 4010 priori
1582 3894 1759 3980 examini
1771 3892 1919 3978 haben·

642 4011 820 4104 domat,
852 4035 1073 4127 propterea
1081 4015 1193 4128 quod
1208 4012 1516 4128 plureserrores
1530 4015 1573 4095 in
1585 4039 1705 4099 unam
1722 4006 1914 4097 summam

642 4127 809 4217 collecti
826 4127 1021 4216 sensibiles
1035 4133 1213 4230 euadere·
1230 4131 1479 4246 potuissent,
1506 4129 1613 4218 licet·
1625 4124 1756 4214 nullus
1772 4153 1915 4217 eorum

641 4243 1108 4362 seorsumspediatursui
1137 4252 1332 4336 indicium
1363 4251 1587 4366 praeberet.
1616 4251 1724 4334 Nam
1753 4241 1918 4336 bindi-

643 4361 861 4456 visionibur
886 4363 1046 4481 fingulis
1065 4365 1332 4458 ducentesrma
1358 4364 1628 4456 conversionis
1657 4373 1771 4454 unius
1799 4384 1915 4478 parte

642 4509 820 4574 erratum
835 4485 960 4580 esset,
984 4487 1197 4576 &errores
1213 4515 1350 4584 omnes
1369 4489 1508 4601 ‚quod
1531 4508 1671 4573 tamen
1684 4510 1788 4599 aegre
1806 4480 1912 4566 acci·

643 4603 972 4723 derepotuiffet,
1002 4601 1235 4696 ad'eandem
1252 4605 1414 4722 plagam
1429 4602 1710 4718 pertinuissent
1730 4664 1742 4695 ‚
1770 4604 1812 4683 in
1826 4625 1917 4714 pur·

641 4730 752 4816 tibu't
769 4725 890 4817 sex&
919 4727 1117 4841 triginta,
1144 4727 1224 4817 hoc
1238 4723 1296 4810 est
1324 4730 1367 4810 in
1383 4726 1557 4812 dimidio
1576 4725 1706 4812 totius
1728 4718 1916 4832 longitu-

633 4849 777 4948 dinis,
803 4877 919 4942 error
943 4846 1134 4974 undecim
1148 4849 1403 4945 minutorum
1432 4841 1699 4936 secundorum
1728 4831 1914 5038 adrnifsluss

1839 4978 1877 5037 ur
1897 4996 1918 5012 -
