4256 5730
630 607 680 685 16
975 593 1076 694 ΟΡ
1104 589 1145 682 U
1173 591 1198 680 S
1222 593 1262 683 Ο
1290 593 1331 686 U
1358 595 1390 688 L
1418 597 1459 690 U
1486 597 1533 692 M

623 711 716 826 post
742 705 909 824 aequalia
932 713 1086 804 emensa
1114 711 1332 805 intervalla
1358 717 1547 833 aequalem
1565 714 1606 802 in
1630 715 1721 835 ipso
1747 718 1886 810 aenith

625 831 897 926 mutationem
915 830 1059 922 debere
1072 831 1161 914 fieri
1176 884 1189 920 ,
1204 829 1381 947 adeoque
1394 835 1539 948 gradus
1556 865 1689 924 omnes
1702 845 1890 928 omnium

624 948 941 1040 meridianorum
968 943 1136 1060 aequales
1161 942 1248 1032 fore
1277 1002 1289 1038 ,
1320 954 1365 1036 δι
1395 957 1520 1038 rec‘ias
1547 952 1634 1039 illas
1661 950 1884 1069 superficiei

622 1060 975 1185 perpendiculares
990 1065 1136 1153 debere
1152 1065 1193 1146 in
1217 1061 1307 1176 ipso
1319 1091 1462 1154 centro
1478 1067 1650 1156 Telluris
1673 1086 1887 1160 concurre*

623 1212 693 1280 re.
727 1185 786 1267 At
799 1179 827 1266 li
841 1178 973 1271 forma
989 1178 1060 1270 illa
1086 1179 1251 1274 abludat
1265 1211 1290 1265 a
1303 1178 1489 1296 sphaerica
1505 1189 1591 1276 ita,
1620 1208 1668 1273 ut
1683 1187 1746 1272 vel
1773 1216 1888 1274 com·

623 1297 750 1414 prelia
785 1296 836 1383 ad
868 1295 989 1410 polos
1017 1293 1092 1388 fit,
1122 1296 1183 1384 vel
1204 1298 1433 1412 producta,
1463 1301 1698 1390 meridianus
1723 1303 1890 1392 circula·

625 1447 711 1514 rem
733 1413 903 1510 sormam
928 1442 1012 1508 non
1033 1415 1232 1512 habebit,
1262 1411 1330 1500 sed
1358 1413 1457 1503 alibi
1483 1413 1735 1506 curvaturam
1758 1425 1888 1529 majo·

626 1567 710 1630 rem
730 1591 742 1626 ,
774 1535 973 1621 minorem
989 1530 1110 1617 alibi.
1139 1533 1222 1628 Ubi
1234 1553 1445 1626 curvatura
1459 1537 1514 1622 est
1527 1538 1656 1642 major
1669 1596 1682 1629 ‚
1695 1539 1754 1624 ibi
1767 1542 1889 1626 citius

629 1653 801 1740 dirediio
825 1645 895 1733 illa
907 1646 1250 1762 perpendicularis
1276 1653 1527 1746 mutabitur,
1558 1655 1730 1738 &unius
1744 1659 1888 1768 gradus

629 1765 811 1862 mensura
833 1767 996 1862 brevior
1021 1767 1127 1854 erit,
1159 1762 1272 1848 lineis
1291 1760 1373 1852 illis
1400 1767 1793 1882 perpendicularibus
1816 1801 1889 1888 ptr

629 1911 810 1978 extrema
843 1887 993 1996 puniit
1019 1880 1211 1967 traductis
1236 1880 1358 1968 citius
1389 1887 1720 1976 concurrentibus
1747 1889 1887 1975 intra,

625 2000 857 2096 ‚Tellurems
888 2000 958 2085 ubi
988 2027 1086 2088 vero
1102 1999 1234 2088 minor
1259 1997 1314 2086 est
1329 2022 1544 2088 curvatura
1564 2003 1731 2092 eadem,
1764 2005 1821 2090 ibi
1833 2003 1890 2092 se·

626 2121 709 2214 1ius
725 2115 883 2230 aequalis
901 2117 1077 2208 mutatio
1093 2119 1307 2230 continget
1327 2176 1339 2212 .
1368 2118 1513 2235 gradus
1529 2121 1607 2207 erit
1621 2119 1783 2235 longior
1800 2173 1813 2209 ,
1843 2124 1891 2210 dt

631 2235 750 2334 serius
765 2239 871 2330 intra
884 2231 1054 2322 Telluris
1070 2229 1220 2320 viscera
1234 2231 1313 2320 illae
1326 2237 1473 2323 eadem
1486 2241 1604 2323 recta
1614 2259 1887 2324 concurrent.

443 2387 526 2440 rana
558 2381 621 2438 aa,
694 2383 762 2466 33.
824 2351 1026 2460 Jamvero
1041 2344 1069 2434 sr
1084 2347 1218 2436 Tellus
1235 2345 1403 2462 liguram
1425 2353 1569 2442 habeat
1589 2352 1892 2465 produdiatnad

389 2463 782 2601 fgjdffiffijpolos,
815 2471 957 2554 &ovo
971 2461 1164 2560 fusilem,
1192 2487 1334 2580 patet,
1359 2471 1398 2554 in
1420 2465 1510 2603 ipsis
1522 2466 1628 2586 polis
1639 2493 1892 2557 curvaturam

391 2637 446 2674 „a
468 2619 508 2674 ru
536 2620 622 2675 ,aa
633 2612 826 2694 majorem
853 2580 965 2675 sore,
996 2585 1037 2670 in
1060 2583 1197 2672 medio
1225 2607 1427 2698 aequatore
1451 2613 1669 2674 minorem.
1699 2591 1891 2682 Contra,

353 2819 357 2826 ι
390 2713 465 2754 ⁸³⁹¹·
634 2699 773 2798 veroli
793 2695 1011 2813 compressa
1034 2699 1113 2796 fit,
1138 2703 1184 2788 δε
1205 2727 1327 2820 ωερε
1348 2697 1518 2817 figuram
1541 2698 1713 2793 reserat,
1745 2699 1894 2812 inipso

634 2824 773 2930 medio
788 2840 990 2932 aquatore
1003 2817 1198 2924 majorem
1210 2815 1374 2904 habebit
1385 2841 1670 2910 curvaturam,
1694 2821 1895 2904 minorem

638 2937 688 3031 ad
701 2936 847 3054 polos,
879 2963 926 3022 ac
952 2935 1127 3048 proinde
1144 2935 1188 3017 in
1215 2933 1293 3019 hoc
1309 2931 1484 3028 secundo
1509 2933 1601 3018 casu
1615 2958 1829 3021 curvatura
1845 2939 1897 3022 ab

633 3043 839 3170 aeuuatore
864 3051 915 3136 ad
942 3052 1065 3168 polos
1089 3047 1292 3139 decrescet
1320 3109 1333 3146 ,
1365 3047 1567 3138 crescente
1594 3049 1775 3138 mensura
1806 3080 1896 3166 gra·

633 3175 761 3262 duum
780 3230 793 3265 ,
825 3191 966 3262 contra
982 3169 1025 3262 in
1038 3169 1112 3262 illo
1124 3169 1260 3283 primo
1279 3168 1332 3254 ab
1344 3186 1543 3280 aequatore
1557 3165 1607 3254 ad
1621 3163 1741 3280 polos
1753 3167 1895 3254 decre·

638 3285 723 3373 scet
740 3309 981 3374 curvatura,
1013 3288 1225 3393 augebitur
1255 3279 1436 3368 mensura
1463 3281 1685 3396 graduum.
1715 3291 1899 3405 Quamo-

636 3409 748 3516 brem
762 3431 854 3492 cum
880 3425 929 3484 ex
944 3395 1169 3490 Caffiniauis
1193 3394 1385 3482 mensuris
1407 3398 1552 3512 gradus
1565 3402 1615 3484 ab
1627 3421 1829 3510 aequatore
1846 3399 1897 3485 ad

638 3517 758 3638 polos
779 3513 1002 3604 decrescere
1017 3514 1272 3606 viderentur,
1302 3510 1542 3627 consequens
1568 3516 1778 3602 videbatur
1790 3515 1895 3606 elie,

637 3659 686 3730 ut
699 3637 823 3724 Terra
838 3639 921 3722 noir
933 3631 1194 3750 compressam
1216 3634 1381 3726 haberet
1395 3632 1562 3730 sormam
1581 3632 1631 3715 ad
1650 3630 1797 3744 polos,
1830 3631 1896 3719 sed

636 3755 907 3870 productam,
937 3776 1081 3842 contra
1109 3751 1179 3842 id,
1206 3750 1317 3864 quod
1341 3748 1475 3842 exsua
1499 3746 1712 3863 aequilibrii
1742 3749 1897 3838 theoria

639 3872 874 3987 Hugeuius,
903 3899 949 3955 ac
966 3875 1198 3958 Nevtonus
1212 3868 1484 3958 deduxerant.
1580 3923 1588 3932 -

432 3993 624 4058 canunt,
702 4019 770 4102 34.
832 3992 1018 4102 Ingentes
1045 3985 1138 4074 hinc
1164 3983 1269 4104 apud
1295 3986 1480 4102 Physcos
1504 3983 1716 4105 plerosque
1730 4011 1899 4075 contro·

394 4081 548 4158 ‘mm'
641 4103 772 4196 versrae
800 4112 1012 4196 excitatae.
1046 4105 1129 4220 Qi
1155 4103 1407 4192 totamillam
1431 4111 1664 4200 NeWtoni,
1695 4135 1742 4190 ac
1762 4109 1905 4218 liuge-¹

641 4228 697 4310 nii
714 4225 910 4310 theoriam
934 4219 1266 4336 aspernabantur,
1295 4223 1324 4304 ii
1337 4219 1631 4312 observationes
1645 4221 1900 4312 Gaffinianas,

643 4342 978 4432 &Piccardianas
996 4337 1218 4432 extollere,
1250 4339 1393 4452 quibus
1419 4369 1503 4426 rem
1517 4337 1743 4426 confestam
1767 4337 1902 4427 effe)

643 4462 906 4550 vocitabant,
933 4461 978 4546 δε
991 4456 1305 4572 produd'rionem
1318 4455 1489 4545 Telluris
1503 4456 1553 4540 ad
1566 4453 1687 4570 polos
1701 4458 1903 4546 habebant

642 4607 721 4693 pro
736 4597 971 4686 comperta,
996 4573 1309 4689 explorataque.
1340 4576 1432 4662 alii·
1448 4595 1619 4666 contra,
1644 4581 1715 4690 qui
1730 4573 1905 4685 ejusmo-

642 4697 686 4784 di
715 4691 881 4782 theoriae
908 4686 1088 4778 fidebant
1112 4697 1269 4805 magis,
1298 4696 1496 4789 notabant
1522 4688 1624 4778 illud
1649 4753 1663 4786 ,
1689 4700 1807 4782 nimis
1830 4687 1905 4776 else

642 4815 836 4927 exiguum
858 4806 1046 4922 universas
1059 4809 1199 4904 Galliae
1218 4817 1394 4908 tracium
1408 4840 1500 4904 cum
1527 4834 1625 4907 toto
1639 4813 1905 4907 Tellurisana·¹

1815 4935 1907 5028 bitu
