4178 5748
521 606 526 616 '
657 637 711 718 aa
1002 595 1564 718 opuscurun

653 749 698 833 ni
723 739 873 858 integri
897 742 1041 832 circuli
1064 746 1114 832 ad
1140 771 1359 862 quartum,
1384 746 1571 860 prodibit
1596 765 1708 832 arcus
1735 739 1921 859 paralleli

657 866 761 953 Fixae
787 860 1039 950 inclinationi
1056 862 1129 984 ipsr
1160 863 1349 955 debitus,
1379 863 1450 976 qui
1477 857 1506 946 li
1532 862 1582 946 ad
1607 891 1744 950 arcum
1769 861 1916 949 circuli

657 981 824 1066 maximi
837 982 1042 1094 redigatur
1065 980 1262 1068 methodo
1274 980 1525 1068 Astronomir
1547 979 1773 1072 notissima,
1803 981 1923 1067 obti-

656 1100 820 1184 nebitur
849 1090 934 1212 ipsa
949 1095 1164 1184 inclinatio
1194 1097 1278 1183 axis
1302 1095 1543 1212 telescopii‚
1572 1123 1692 1212 quarn
1718 1098 1790 1210 qui
1817 1093 1920 1186 velit

659 1212 777 1300 facile
795 1216 1004 1326 corrigam
1033 1209 1437 1330 sedubiexiguaeli,
1469 1211 1654 1328 hlcapud
1670 1237 1771 1302 nor,
1801 1233 1923 1326 pote·

655 1335 715 1418 rit
736 1333 906 1416 omnino
934 1326 1163 1446 negligere,
1195 1335 1384 1446 &prope
1410 1327 1539 1443 ipsum
1566 1327 1708 1444 polum
1724 1327 1922 1414 facileet-

656 1477 793 1534 rorem
807 1445 900 1532 inde
921 1473 1060 1535 ortum
1074 1471 1310 1563 computare
1334 1448 1493 1562 potest,
1521 1445 1681 1532 nedum
1696 1439 1929 1560 parallelis.

656 1595 767 1650 mum
780 1561 1083 1680 superstitiosius
1095 1569 1267 1679 quaerit,
1299 1585 1456 1678 tempus
1470 1561 1765 1678 necquidquam
1779 1582 1914 1646 terat.

656 1685 812 1768 Habuit
831 1705 966 1767 autern
993 1685 1036 1765 in
1054 1677 1342 1768 unaesec‘ioris
1370 1681 1491 1780 nostri
1509 1677 1774 1796 politionibus
1801 1674 1918 1762 diffe-

655 1801 789 1884 rentia
804 1801 991 1886 binorum
1019 1795 1326 1884 intervallorum
1350 1792 1524 1882 secunda
1553 1823 1637 1906 32,
1666 1794 1774 1882 unde
1801 1792 1917 1879 incli-

546 1987 563 2017 ,
655 1917 831 2001 nationis
857 1914 1019 2002 effeetus
1034 1909 1201 2000 secunda
1218 1929 1269 2004 8,
1299 1913 1365 1998 cui
1390 1910 1634 2026 respondent
1647 1941 1725 2024 pro
1751 1909 1920 1996 inclina·

654 2034 768 2116 tione
793 2035 876 2116 axis
889 2019 1045 2124 minuta
1069 2027 1154 2117 duo
1171 2029 1353 2150 paralleli
1370 2031 1501 2118 Fixa,
1531 2055 1618 2139 quae
1631 2027 1796 2140 quidem
1825 2023 1919 2115 satit

651 2151 797 2286 exigna
809 2149 886 2241 est.
920 2154 1087 2286 Mutato
1108 2168 1243 2250 autem
1257 2145 1353 2250 qliae
1377 2145 1475 2234 vitri
1502 2141 1698 2245 obieciivi
1722 2139 1799 2234 fitu
1816 2143 1919 2228 mul-

654 2289 702 2351 to
717 2295 852 2356 mmor
869 2287 1033 2358 errtrtrt.
1723 2353 1728 2362 ,

429 2442 574 2520 m„
592 2439 639 2498 „g
717 2394 809 2499 163.
869 2383 966 2470 Tres
994 2406 1127 2475 autern
1157 2386 1449 2476 observavimus
1466 2389 1577 2476 Fixas
1604 2383 1713 2472 ultra
1740 2379 1917 2468 medium

410 2515 594 2582 termera.
613 2526 636 2576 a
653 2495 824 2585 mensem
856 2555 868 2590 ,
913 2499 1244 2618 quotiescumque
1274 2533 1346 2619 per
1373 2509 1497 2592 nuber
1523 2501 1643 2588 licerit
1668 2503 1858 2586 nimirum
1891 2527 1917 2578 α

404 2595 617 2672 ‘¹“⁰¹⁸‘¹¹⁰⁴⁰’
652 2618 771 2733 cycni
787 2617 991 2723 mUrsae,
1015 2623 1060 2706 δε
1074 2625 1104 2721 β
1117 2625 1297 2736 Aurigae.
1330 2621 1559 2735 Et-quidem
1577 2615 1812 2706 observandi
1832 2615 1918 2698 haec
1946 2699 1953 2715 ,

650 2736 882 2826 eratratio.
913 2737 1149 2825 Constituto
1173 2736 1325 2824 sectore
1352 2742 1439 2830 ita,
1470 2763 1517 2826 ut
1530 2741 1625 2824 Fixa
1649 2731 1917 2847 telelcopium

541 2852 544 2857 ’
579 2877 583 2885 ·
648 2851 806 2965 ingredi
833 2851 1026 2944 deberet,
1053 2855 1332 2944 eamnollrum
1348 2853 1451 2941 alter
1471 2853 1740 2970 expediebat,
1766 2849 1920 2963 quain-

648 2965 797 3168 presla,
822 2969 881 3062 ita
896 2971 1084 3056 movebat
1095 2971 1397 3059 instrumentum
1412 2999 1485 3085 per
1496 2969 1702 3055 cochleam
1718 3022 1731 3059 ,
1747 2988 1794 3050 ut
1804 2959 1919 3049 filum

635 3125 637 3131 v
680 3111 776 3168 xum
802 3087 1027 3172 meridiano
1073 3087 1372 3199 erpendiculare
1399 3087 1449 3174 ad
1480 3107 1570 3172 eam
1590 3083 1838 3170 adduceret,
1869 3078 1916 3165 dc

651 3204 885 3318 expedieret
909 3233 958 3314 ap
990 3115 1117 3288 ullium
1131 3202 1184 3289 ad
1198 3199 1310 3291 filum
1328 3201 1550 3290 meridiano
1564 3225 1818 3316 congruens,
1844 3224 1919 3282 no·

652 3231 1240 3430 taretqnehorolirgiihoram.
1272 3319 1377 3410 Turn
1391 3316 1696 3409 altersublbat,
1727 3318 1921 3402 notabat·

649 3457 762 3546 que,
793 3428 948 3516 stellam
979 3460 1052 3548 pet
1081 3435 1257 3525 medium
1285 3435 1529 3552 parallelum
1552 3432 1667 3522 silum
1685 3451 1920 3523 meantem,

649 3543 714 3634 vel
738 3545 916 3633 interdiu
932 3551 1092 3664 penitus
1119 3557 1297 3644 tediam.
1330 3552 1490 3638 Deinde
1507 3579 1604 3641 vero
1631 3545 1797 3661 penduli
1815 3541 1919 3661 pos·

647 3681 713 3749 tus
724 3661 1045 3778 explorabatur,
1075 3669 1278 3757 movendo
1296 3695 1377 3783 ope
1389 3667 1566 3754 cochleae
1581 3663 1772 3754 mobilem
1789 3658 1923 3748 sudio·
2044 3713 2053 3742 ,

645 3780 701 3862 tis
718 3781 869 3865 interea
896 3782 1057 3868 immoti
1088 3782 1318 3882 lamelltm,
1346 3813 1434 3900 quae
1460 3783 1672 3873 divisiones
1699 3781 1917 3868 continet,

644 3893 778 3978 donec
791 3922 870 3979 una
882 3923 932 3981 ex
944 3900 993 3983 iis
1006 3899 1057 3982 ad
1071 3896 1187 3983 silum
1210 3903 1508 3993 adduceretur,
1536 3900 1648 4012 quod
1661 3920 1832 4008 uterque
1845 3921 1919 3981 no·

644 4009 768 4096 strum
781 4009 990 4124 praestabat
1005 4014 1108 4098 alter
1124 4016 1216 4127 posi
1229 4015 1400 4103 alterurn
1422 4072 1436 4108 ,
1465 4018 1645 4134 repetita
1657 4013 1841 4133 pluribus
1855 4014 1915 4097 vi·

644 4126 760 4214 cibus
783 4124 1092 4223 observatione;
1123 4156 1170 4214 ac
1195 4131 1364 4221 omnino
1388 4133 1727 4221 conveniebamus
1754 4131 1795 4214 in
1808 4125 1917 4236 judi·

644 4244 713 4328 cio
729 4238 916 4358 appulsus
931 4244 1148 4353 intrudunt
1168 4301 1181 4338 ,
1211 4246 1275 4333 vel
1300 4269 1381 4334 tter
1395 4251 1648 4335 micrometri
1666 4246 1914 4365 particulas,

616 4362 620 4369 '
642 4386 813 4475 quarum
828 4383 948 4450 ternae
963 4365 1128 4449 unicum
1149 4357 1366 4450 secundum
1377 4366 1669 4454 continebant.
1703 4369 1831 4452 Porro
1850 4361 1918 4449 sae·

641 4501 696 4590 pc
713 4475 882 4561 limbum
912 4481 1035 4564 etiam
1051 4476 1183 4592 ipsum
1207 4487 1538 4572 convertebamut
1566 4482 1732 4569 alternis
1748 4481 1914 4572 diebus,

641 4617 730 4795 qqpe
744 4587 947 4680 conversio
966 4597 1008 4680 in
1022 4595 1160 4684 nostro
1185 4592 1342 4686 semote
1364 4623 1454 4688 erat
1469 4658 1482 4696 ,
1497 4623 1546 4687 ut
1559 4601 1700 4688 monui
1716 4658 1730 4696 ,
1748 4599 1911 4714 expedi·

642 4731 678 4793 tr
708 4737 808 4796 rme.

724 4839 817 4928 164.
892 4824 1256 4924 observationibus
1281 4831 1388 4922 hisce
1424 4837 1710 4925 aslronomicis
1737 4841 1913 4963 parastis

720 4975 726 4990 ’
1819 4960 1909 5046 Ro·
