4156 5752
651 647 736 726 ηε
836 587 839 592 ’
1001 634 1591 724 οΡυ“εούιυ-Μ’
1959 731 1961 736 .

652 747 851 840 vallorum
868 753 1094 842 differentia
1109 757 1281 840 'habetur
1294 762 1337 841 in
1355 759 1463 838 vitro
1475 755 1621 840 eodem
1639 751 1749 871 fimus
1768 747 1843 868 p'e'r·
1855 755 1926 841 bil·

652 878 719 956 na‘s
733 875 860 972 rectas
875 875 915 956 in
927 879 978 959 εἰ)
991 871 1156 963 incisss',
1185 873 1246 956 vel
1275 869 1481 956 succellire
1497 875 1913 986 perbiuas'disltntias

652 993 782 1076 unicae
795 990 876 1098 ejus
891 995 1046 1081 restae,
1067 992 1265 1092 are'dtain
1278 988 1408 1074 altero
1422 985 1691 1082 vitroiocisa,
1714 992 1782 1073 cui
1796 992 1908 1102 prius

652 1105 754 1206 illud
772 1108 1034 1196 admoveatur
1047 1109 1127 1214 jam
1144 1107 1294 1221 magis,
1313 1107 1393 1212 jam
1409 1109 1537 1189 minus
1553 1137 1563 1200 ;
1579 1110 1623 1192 δι
1636 1127 1725 1190 tum
1742 1127 1920 1218 promo·-

652 1225 785 1310 rendo
822 1222 1257 1315 laminammobilem,
1285 1248 1332 1307 ut
1360 1223 1499 1308 eadem
1537 1219 1671 1335 aliqua
1700 1223 1782 1330 ejus
1799 1221 1913 1306 'linea

605 1397 606 1400 κ
653 1337 826 1438 transeat
841 1341 911 1432 sub
925 1367 1095 1456 utraque
1112 1339 1216 1424 linea
1232 1337 1406 1447 ejusdem
1422 1340 1546 1430 vitri,
1573 1337 1726 1426 'velsub
1740 1363 1913 1453 utraque

651 1457 850 1574 pofitione
878 1458 1053 1575 ejusdem
1085 1458 1196 1543 lines
1211 1452 1387 1566 ejusdem
1411 1458 1533 1546 vitri,
1554 1455 1674 1544 ‘idem
1701 1460 1913 1542 obtinetur

653 1577 967 1668 accuratiffime,
997 1599 1044 1662 ut
1055 1599 1193 1690 patet.
1337 1575 1341 1584 ’
1742 1620 1773 1628 w
1911 1611 1915 1636 =

439 1701 511 1760 litu
540 1703 638 1800 surru-
682 1723 755 1800 79.
781 1700 971 1784 Porro&
1001 1699 1043 1780 in
1060 1693 1137 1778 alia
1155 1690 1351 1780 methodo
1365 1685 1612 1778 testificandi
1629 1691 1843 1779 divisiones
1856 1687 1912 1774 se·

408 1799 528 1914 fsjffl„
539 1787 644 1917 '322‘ss
655 1814 781 1896 aori,
795 1814 838 1894 in
851 1812 1133 1900 observatione
1148 1811 1345 1894 adhibitas
1357 1810 1629 1920 comparando
1643 1837 1782 1894 earum
1794 1812 1913 1892 inter:

408 1939 571 2034 “liutius
589 1958 645 1995 m,-
660 1928 809 2015 vallum
824 1958 913 2016 cum
929 1953 1042 2044 parte
1056 1925 1237 2038 aliquota
1247 1925 1350 2008 radii
1369 1981 1380 2014 ,
1415 1926 1595 2038 adquam
1610 1953 1707 2010 mox
1723 1923 1913 2010 faciemus

407 2018 644 2170 ἷζΐζξὲᾙᾙῃξ
657 2047 823 2159 gradum
841 2105 853 2138 ,
888 2051 994 2134 idem
1010 2041 1167 2161 prorsus
1200 2041 1377 2132 accidit,
1406 2065 1452 2128 ut
1479 2046 1664 2130 nimirum
1679 2067 1755 2126 ,res
1771 2045 1913 2129 admo·

632 2267 636 2276 Ι
655 2162 752 2249 dum
768 2161 883 2250 facile
896 2164 1073 2251 obtineri
1086 2158 1206 2275 pollit
1235 2187 1306 2272 per
1322 2161 1517 2245 circinum
1547 2162 1664 2244 vitris
1678 2162 1881 2243 munitum
1901 2213 1911 2260 ρ

523 2311 528 2320 ·
653 2309 774 2390 quem
814 2280 1033 2397 proposui,
1063 2281 1145 2388 'ejus
1164 2300 1298 2361 autem
1324 2281 1428 2361 vices
1448 2273 1630 2389 supplere
1658 2273 1809 2390 polsmt
1842 2271 1911 2358 vel
1947 2373 1951 2386 .

442 2453 451 2468 ·
573 2475 575 2480 .
616 2455 618 2460 -
652 2399 760 2480 vitra
772 2397 1055 2485 binislaminis
1071 2393 1293 2498 conjunctis
1308 2383 1557 2506 agglutinatd
1590 2421 1670 2506 ope
1696 2420 1826 2483 cerae,
1855 2384 1914 2475 vel

653 2517 824 2600 circinus
836 2515 964 2601 fidelis
977 2514 1121 2598 haberis
1134 2505 1570 2623 binascuspidesacutas
1584 2511 1705 2622 virgae
1717 2507 1906 2620 oblongae

651 2631 1024 2746 perpendiculares,
1053 2637 1223 2742 quarum
1237 2627 1360 2714 altera
1385 2625 1501 2712 alteri
1527 2629 1733 2713 admoveri
1763 2623 1910 2738 pollit,

561 2733 599 2776 ”
653 2753 697 2834 δι
730 2750 952 2861 sdstringi,
985 2741 1210 2835 cuiusmodi
1244 2740 1565 2860 supplementum
1593 2749 1808 2858 utrumque
1831 2745 1912 2829 'nos
1987 2825 1989 2830 ,

652 2865 817 2978 quidem
836 2867 1110 2951 adhibuimus.
1143 2866 1188 2946 In
1206 2865 1390 2949 omnibus
1410 2872 1545 2946 autem
1560 2859 1666 2946 hisce
1682 2861 1910 2955 methodis,

653 2980 929 3096 potissimum,
959 2985 1030 3068 ubi
1055 2975 1353 3095 praescribitur,
1384 2977 1590 3064 utlamina
1619 2979 1785 3064 mobilis
1801 3005 1910 3064 tran·

653 3097 736 3185 seat
763 3095 831 3188 sub
861 3102 972 3186 vitro
998 3097 1143 3183 lineam
1161 3094 1328 3184 habente
1345 3106 1529 3189 tenuem,
1548 3095 1725 3182 adhiberi
1738 3096 1913 3210 quidem*

653 3213 782 3330 posset
797 3220 846 3300 ·&
866 3215 1045 3332 capillus
1061 3217 1214 3304 tenuis,
1242 3213 1306 3301 vel
1324 3212 1438 3299 filum
1456 3210 1651 3305 sericum,
1674 3211 1736 3298 vel
1765 3241 1909 3326 argen-

654 3357 766 3416 teum
781 3329 1026 3420 transserfim
1040 3332 1205 3420 ductum
1224 3329 1342 3446 supra
1356 3331 1543 3418 laminam
1556 3330 1782 3421 mobilem,
1799 3335 1845 3416 dc
1857 3327 1911 3432 as

651 3443 777 3534 sirum
793 3459 884 3534 ce'ra
897 3451 1051 3534 laminis
1068 3443 1154 3534 fixis
1171 3449 1263 3532 hinc
1280 3507 1291 3540 ‚
1317 3453 1362 3535 ὃ(
1388 3451 1506 3538 iude,
1537 3479 1655 3564 quam
1671 3447 1794 3563 ipsam
1824 3477 1906 3532 mc·

652 3565 824 3651 thodum
854 3565 1193 3654 initio'adbibui,
1221 3569 1265 3650 δε
1294 3562 1502 3679 saepecum
1534 3563 1729 3654 successu.
1759 3565 1831 3648 Sed
1860 3567 1904 3648 in

651 3711 701 3766 eo
720 3682 762 3768 id
791 3686 1037 3798 incommodi
1067 3684 1227 3775 inveni,
1252 3685 1365 3795 quod
1392 3678 1548 3770 lililum
1577 3679 1626 3766 fit
1655 3681 1906 3796 satisproxi-

651 3827 761 3887 mum
790 3799 946 3886 laminae
975 3798 1146 3890 mobili,
1179 3799 1396 3886 admodum
1425 3797 1541 3886 facile
1563 3829 1588 3884 a
1613 3796 1839 3913 pulvisculo
1868 3804 1909 3884 io

654 3929 740 4001 eam
753 3913 899 4026 illapso
909 3915 1030 4029 pollit
1055 3921 1096 4003 in
1115 3912 1700 4030 tmnsversum1agin0nninil;
1726 3915 1903 4004 stautem

649 4034 844 4120 ‘remotius
857 4029 935 4123 sit,
954 4033 1171 4122 admodum
1183 4028 1396 4122 difficulter
1410 4032 1533 4120 oculo
1552 4037 1729 4123 im'moto
1745 4088 1758 4126 ,
1775 4034 1839 4121 vel
1852 4038 1906 4118 ei·

651 4147 743 4234 dem
758 4147 919 4263 prorsus
934 4147 1127 4267 positioni
1151 4153 1337 4239 restituto
1364 4153 1542 4236 evitetur
1556 4151 1908 4266 effestus'paralla·

649 4287 768 4353 xeos.
799 4269 968 4356 Vitrum·
990 4266 1274 4355 au'temsrsatis
1301 4266 1476 4354 firmiter
1500 4267 1906 4358 laminisfixisadbae·

647 4393 760 4475 seat,
781 4386 997 4474 immotum
1014 4411 1172 4478 manet,
1190 4415 1284 4472 cum
1298 4383 1449 4472 lineola
1462 4383 1533 4472 fibi
1546 4383 1775 4500 insculpta,
1805 4387 1901 4473 dum

647 4493 796 4600 launna
804 4505 971 4590 mobilis
984 4501 1128 4618 ipsum·
1141 4504 1378 4617 contingens
1391 4498 1474 4590 sub¹
1486 4503 1630 4593 eodem
1646 4501 1869 4593 sublabitur
1887 4538 1908 4596 ,·

401 4705 468 4754 ru,
491 4699 577 4756 am,
644 4613 724 4707 line
739 4617 1092 4738 ullopalallaxeos.
1104 4619 1316 4737 periculo.
1563 4634 1566 4642 '
1800 4731 1804 4738 ¹

397 4718 627 4848 „isquam
696 4751 770 4862 ›8¹0.
803 4739 879 4828 Sed
895 4767 967 4828 nec
980 4737 1081 4826 illud
1095 4737 1436 4828 ommittendum,
1463 4741 1503 4824 iu
1529 4738 1899 4832 hisceobserratio·

400 4857 581 4932 usuum·
642 4856 786 4950 uibus,
814 4862 920 4945 ut&
940 4855 1276 4971 insequentibus,
1302 4873 1381 4971 ope
1393 4860 1528 4950 vitreae
1540 4859 1659 4946 lentis
1678 4862 1895 4948 admodum

748 5003 751 5008 ’
1739 5003 1897 5070 acutae,
