4136 5778
420 614 1082 738 Quattuum.
1297 639 1377 734 361

128 745 225 842 citer
253 739 401 830 trium,
431 735 623 828 distantia
651 737 722 820 AB
752 732 913 820 dimidii
940 737 1091 852 pedis,
1125 757 1172 822 ut
1197 739 1388 827 nimirum

131 854 255 946 mensa
266 864 317 946 Ee
329 852 449 973 supra
470 850 851 968 planumBelevari
877 853 1003 967 poslrt
1027 853 1143 972 plus,
1166 883 1290 972 quam
1316 885 1406 972 per·

129 979 243 1096 pedes
260 980 391 1064 duos,
425 976 471 1058 sis
489 973 617 1058 adhuc
631 969 821 1085 adstringi
836 971 877 1052 in
892 976 927 1057 A
944 1029 956 1064 ‚
989 995 1181 1061 eaautem
1202 971 1359 1062 elevata
1378 1029 1390 1065 ,

131 1092 259 1212 pollet
272 1093 451 1178 nostrum
469 1115 664 1201 uterque,
695 1086 759 1176 vel
775 1085 879 1174 alter
907 1089 1032 1178 altior
1060 1090 1186 1208 tigilli
1211 1088 1393 1210 impositi

131 1211 378 1330 superiorem
396 1203 649 1324 superficiem
665 1206 826 1298 videret
856 1207 1074 1298 crassitudo
1090 1209 1303 1326 aliquanto
1330 1215 1391 1298 bi·

128 1325 594 1444 nispollicibusmajora
625 1323 693 1412 sed
720 1353 777 1410 eae
804 1325 995 1414 mensurae
1021 1329 1246 1416 arbitrariae
1274 1326 1389 1415 sunt.

130 1447 209 1536 Irni
227 1443 347 1562 pedes
373 1441 581 1560 cuspidem
609 1443 757 1530 habent
787 1439 955 1534 ferream
986 1442 1247 1561 longiorem,
1279 1445 1394 1562 quod

130 1569 174 1652 in
191 1566 308 1652 maris
327 1557 731 1676 littor'epotlllimum
748 1564 804 1650 esi
819 1589 1101 1679 opportunum
1121 1623 1134 1660 ,
1165 1589 1213 1652 ut
1239 1562 1395 1651 facilius

135 1681 360 1804 premendo
387 1681 531 1796 pedem
549 1683 811 1795 quempiam,
841 1711 886 1766 ea
899 1680 1065 1797 cuspide
1094 1683 1399 1768 inarenamim·

130 1797 240 1890 missa
254 1792 553 1914 magia-‚mensa
564 1802 597 1886 E
608 1830 626 1884 e
636 1799 685 1884 ad
700 1796 867 1914 planum
876 1795 1141 1887 horizontale
1155 1800 1367 1916 redigatur
1383 1869 1392 1888 .

131 1921 180 2008 Id
198 1950 298 2007 uero
316 1913 563 2017 extra-littus,
587 1913 706 2002 facile
734 1919 990 2031 praestabatur
1012 1919 1054 2000 in
1086 1913 1166 2004 basi
1184 1921 1398 2011 Romana,

134 2042 203 2128 ubi
218 2032 402 2126 saxosum
416 2059 651 2132 occurreret
666 2031 821 2126 solum,
847 2063 979 2122 cuneo
1010 2031 1171 2149 oulpidi
1188 2032 1400 2151 supposito

130 2160 295 2275 magis,
327 2153 533 2253 restuinus
554 2153 700 2271 procul
718 2159 768 2245 ab
779 2149 865 2244 acie
879 2149 971 2250 sua,
986 2178 1033 2242 ut
1050 2156 1203 2246 adrem
1212 2149 1312 2244 esset
1326 2181 1402 2272 op·
1450 2214 1456 2224 ι

163 2301 386 2366 ortunum.

131 2307 162 2478 ι.)
198 2426 298 2510 339.
332 2399 398 2484 FG
427 2399 482 2486 esi
506 2425 628 2488 unum
651 2429 673 2486 e
704 2399 872 2520 tigillis,
900 2399 951 2488 de
978 2403 1122 2519 quibua
1148 2397 1350 2518 opusculo
1376 2409 1511 2484 nunu
1528 2403 1645 2466 ‘usti‘

131 2544 275 2604 n.110.
295 2514 435 2629 Tigilli
448 2519 625 2607 altitudo
641 2520 839 2637 pollicum
867 2520 948 2610 fere
968 2553 1007 2635 3.
1024 2521 1242 2610 crassitudo
1256 2522 1398 2617 duum,
1411 2493 1548 2551 M*

126 2633 359 2750 longitudo
385 2637 617 2750 palmorum
643 2667 715 2738 27.
749 2650 939 2758 Quattuor
956 2638 1404 2725 lamellaeexaurichal·

130 2755 218 2848 cho
236 2809 249 2844 ‚
264 2779 361 2865 quar
380 2755 530 2840 ibidem
546 2751 782 2844 innui‚.sunt
795 2761 837 2845 F,
854 2761 908 2844 H,
928 2757 960 2842 Ι,
973 2757 1022 2840 G.
1040 2758 1087 2837 In
1104 2753 1248 2838 mediis
1263 2754 1349 2842 l&
1365 2755 1411 2840 H

132 2872 312 2956 aderant
329 2866 579 2954 foraminula
595 2867 841 2962 tenuiffima,
866 2897 955 2986 quae
983 2900 1007 2955 a
1027 2867 1283 2962 seinvicem,
1314 2873 1359 2958 ὃ(
1384 2901 1409 2958 a

131 2985 394 3074 lamellarum
409 2990 686 3080 attexerent
702 2989 863 3105 pondis
882 2987 1083 3076 distabant
1097 2984 1314 3076 intervallo
1327 2985 1411 3103 pal·
1480 3005 1527 3048 '‹
1648 3012 1653 3030 ·

136 3131 305 3191 morum
324 3133 360 3207 9.
380 3106 728 3194 Constitueramus
739 3109 862 3191 initio
878 3109 936 3193 ita
956 3106 1089 3222 tigilla
1117 3105 1332 3192 admovere
1360 3101 1412 3192 ad
1548 3121 1552 3130 '

139 3220 185 3309 se
204 3221 405 3310 invicem,
435 3243 482 3304 ut
495 3221 533 3308 se
546 3226 730 3338 capitaG
746 3281 757 3314 ‚
771 3225 820 3311 δε
833 3231 866 3314 F
870 3223 879 3260 '
890 3228 1176 3340 contingerent
1194 3219 1313 3309 adv.
1331 3227 1413 3310 Ve-

135 3367 239 3424 rum
267 3333 368 3418 illud
396 3337 583 3425 constitit
609 3344 650 3425 in
680 3342 819 3458 primo
846 3343 1070 3430 tentamine
1094 3342 1213 3426 domi
1239 3341 1410 3434 habito,

131 3456 370 3579 plurimum
387 3459 583 3571 temporis
600 3456 744 3546 insumi
757 3461 798 3542 in
811 3459 1076 3549 admovendis
1091 3459 1235 3578 tigillis
1258 3463 1317 3546 ita
1332 3456 1414 3546 levi

133 3600 268 3668 manu
280 3568 403 3687 usque
418 3574 467 3666 ad
482 3583 718 3668 coutadum
731 3635 743 3671 ‚
758 3601 804 3668 ut
817 3578 948 3670 nullut
961 3582 1005 3667 in
1019 3581 1150 3667 altero
1165 3575 1306 3692 tigillo
1325 3605 1413 3662 mo·

137 3717 213 3798 tus
241 3694 376 3781 timeri
403 3697 559 3813 pollet.
586 3697 855 3812 Hincin'ipsra
882 3695 1052 3785 lamellis
1069 3699 1139 3786 G,
1162 3699 1256 3781 &F
1264 3695 1416 3809 pundla

138 3813 412 3908 notavimut'2
445 3818 622 3905 &abiis
649 3819 691 3901 in
723 3813 987 3906 lamentati,
1019 3816 1040 3898 l
1064 3810 1332 3899 transtulimus
1351 3810 1416 3892 in·

138 3930 324 4032 teruallt
338 3931 476 4020 eadem
492 3935 722 4050 palmorum
735 3964 777 4040 9.
794 3930 1058 4020 Intervallum
1071 3953 1207 4018 autem
1222 3931 1416 4016 binorum

145 4046 353 4158 ejusmodi
369 4040 613 4168 pumturum
627 4049 807 4168 pluribus
835 4053 990 4138 vicibus
1019 4047 1315 4165 diligentissrme
1347 4045 1412 4130 di·

133 4163 269 4258 mensr
285 4165 413 4258 sumus
431 4169 566 4264 ‚lente
580 4174 706 4258 etiam
725 4166 932 4264 adhibita,
956 4193 1004 4256 ut
1018 4169 1068 4256 de
1091 4187 1239 4254 'eorum
1253 4162 1411 4276 magni·

133 4281 291 4390 tudine
312 4285 474 4378 ,nullum
500 4285 691 4403 superesse
719 4288 887 4372 dubium
916 4277 1072 4399 politti
1099 4311 1150 4370 ne
1179 4277 1412 4369 tenuislamae

142 4397 319 4518 quidem
337 4405 574 4519 particulae,
602 4431 693 4518 quae
704 4405 775 4489 sub
791 4399 919 4489 sensus
931 4403 1120 4490 caderet.
1154 4421 1159 4435 “

213 4545 311 4630 340.
345 4519 576 4609 Collocatis
591 4518 734 4636 tigillis
747 4548 839 4607 cum
855 4549 904 4604 ea
918 4517 1132 4636 diligentia
1146 4579 1158 4643 ?
1174 4539 1305 4636 'quam
1328 4513 1410 4606 nse
1453 4569 1604 4628 coum„
1626 4567 1663 4624 d,

138 4635 318 4750 exposui
333 4633 535 4751 opusculo
553 4671 569 4726 1
585 4665 808 4728 numm,
836 4661 883 4723 ut
895 4638 1084 4726 nimirum
1098 4640 1278 4748 jacerent
1293 4645 1339 4721 in
1355 4635 1415 4718 di·
1432 4651 1573 4724 guum.

139 4753 485 4856 rectionebasu,
520 4761 565 4846 ἃ
592 4761 635 4842 in
660 4754 784 4872 plano
812 4755 1062 4843 horizontali
1090 4759 1230 4869 (quod
1244 4753 1415 4871 quidem
1447 4791 1449 4794 ·

136 4872 495 4988 posteriuacuuela
509 4878 641 4994 capiti
660 4875 855 5082 anteriozri
871 4871 1163 4991 Hippoteia,
1190 4867 1416 5077 fiopussel·
1544 4934 1548 4942 ‚

868 5017 891 5076 Ζ
1347 5011 1417 5083 ete
