4178 5748
168 721 294 814 pnre,
325 715 467 776 vetum
495 691 590 776 dum
623 685 846 810 telcscopio
872 696 1092 778 Penninunt
1122 685 1238 778 illum
1265 691 1438 780 Nuceri-

170 841 262 898 num
278 831 462 898 moutem
486 812 753 920 inquirimus,
783 834 900 899 certo
915 812 1076 898 demum
1095 811 1258 923 patuit,
1282 812 1436 896 incuria

167 926 347 1019 Praefeevi
359 929 443 1034 ejus
456 929 563 1012 urbis
582 985 596 1018 ,
622 926 674 1011 ad
691 957 810 1042 quem
823 959 907 1016 uno
921 949 1013 1014 ante
1029 920 1161 1016 mense
1173 927 1297 1014 binde
1319 953 1437 1042 tugu-

168 1052 231 1135 rio
258 1046 495 1131 renovando
522 1042 855 1160 perscripseram,
887 1047 1092 1159 tugurium
1122 1038 1253 1161 ipsum
1280 1049 1437 1131 excita·

168 1187 253 1252 tum
280 1189 366 1250 non
391 1159 490 1246 csse.
519 1162 789 1248 Redeundurn
812 1159 1280 1252 firiteodieinscc’care,
1311 1163 1435 1248 &ta-

167 1279 352 1370 bellarius
380 1278 599 1366 mittendus
623 1304 828 1396 propere,
855 1311 939 1400 quo
961 1275 1175 1370 Praefertur
1203 1272 1287 1395 ipse
1313 1274 1437 1366 officii

167 1394 224 1486 sui
247 1416 613 1486 commoneretur:
646 1400 792 1484 mirum
815 1423 952 1488 autem
978 1454 993 1491 ,
1025 1407 1219 1516 quantum
1242 1397 1362 1487 nobis
1390 1423 1437 1480 ou

166 1537 282 1602 mota
296 1517 506 1599 nocuerit.
535 1515 791 1606 commutari
815 1515 1089 1605 eniminterct
1113 1514 1303 1625 caepite'o
1318 1513 1437 1628 usquc

166 1631 503 1748 opportunissima
529 1630 616 1715 caeli
644 1637 854 1750 temperies
882 1635 969 1724 ita,
999 1657 1047 1719 ut
1075 1635 1214 1750 primo
1245 1630 1438 1750 quidem,

166 1753 240 1835 ubi
255 1749 350 1862 post
360 1744 517 1864 aliquot
530 1745 618 1834 dies
635 1807 649 1840 ,
684 1752 851 1862 tugurio
868 1748 945 1836 illo
958 1769 1146 1867 reparato
1160 1770 1342 1835 orontem
1355 1753 1435 1838 ite⁴

166 1893 259 1956 runt
277 1860 609 1956 conscendimus,
636 1891 741 1980 aegre
751 1862 1073 1957 observationes
1086 1865 1247 1951 licuerit
1259 1861 1438 1955 absolve·

164 2009 235 2071 re,
270 2007 351 2094 qua
378 1979 560 2104 absoluta
585 2007 658 2070 noa
686 1982 866 2075 ibidem,
895 1987 942 2071 δι
964 1985 1010 2071 in
1023 1981 1190 2102 regressu
1218 1981 1345 2068 imber
1362 2013 1438 2105 op·

196 2098 328 2184 reffit,
993 2137 997 2144 ’
1110 2139 1113 2144 ·

164 2127 193 2212 p
230 2230 320 2302 181.
379 2218 583 2304 Gentiano
601 2215 839 2306 discessimus
865 2217 1107 2308 duodecima
1118 2219 1286 2334 Augusti
1314 2219 1437 2308 die,
1467 2211 1675 2342 'gb'sffffls'ffi

164 2328 363 2420 Perusiam
377 2329 537 2426 versus,
563 2336 707 2422 itinere
719 2336 944 2454 Eugubium
958 2337 1143 2426 diret‘io,
1175 2342 1245 2425 ubi
1259 2337 1438 2425 celeber·
1466 2311 1680 2436 madiis}
1772 2437 1780 2448 ⁸

164 2451 291 2533 rimas
306 2451 698 2566 Eugubinnstabulas
712 2449 983 2571 inspeximus,
1009 2455 1112 2543 &in
1126 2448 1282 2544 summo
1292 2479 1435 2546 monte
1465 2441 1679 2580 {2ffl2022“·

163 2563 497 2656 observationem
520 2569 755 2658 habuimus,
781 2573 895 2677 cujus
921 2599 1001 2684 ope
1033 2569 1116 2678 ejus
1131 2576 1240 2658 urbis
1265 2571 1435 2690 positio·
1463 2599 1600 2656 nuu„
1615 2547 1677 2680 {ss

161 2707 471 2772 nemaccurate
486 2687 862 2778 determinavimus,
892 2689 989 2771 Inde
1011 2681 1207 2777 Perusiam
1225 2691 1351 2777 delati
1366 2719 1436 2805 pa·
1464 2679 1559 2732 ‘⁶¹¹²'

163 2831 260 2916 gum
288 2799 485 2886 adivimus
518 2801 748 2888 Oddiorum
781 2805 943 2915 gentis,
972 2806 1225 2922 ,inrigandum
1252 2830 1433 2902 vocant,

161 2921 271 3027 jacet
298 2943 431 3003 autem
457 2919 507 3004 ad
526 2916 625 3035 ipsas
639 2915 915 3008 Tetiimoutis
933 2921 1115 3010 radices,
1139 2927 1194 3012 ab
1207 2921 1433 3013 hummiffi-

120 3101 124 3109 .
161 3041 236 3120 mis
266 3034 359 3144 loci*
379 3035 554 3122 dominis
577 3037 747 3120 invitati
770 3092 782 3124 ,
807 3039 878 3148 qui
902 3035 979 3121 sure
1004 3033 1165 3124 familie
1179 3036 1433 3128 cardinalem

160 3145 461 3238 viterbiensem
477 3147 719 3266 Episcopum
734 3153 885 3238 ibidem
898 3153 1179 3240 rusticaturum
1194 3161 1428 3270 excepturi,

161 3279 295 3354 tanto
305 3263 462 3376 hospiti
480 3265 678 3380 parabant
692 3263 852 3352 iocum,
883 3267 1052 3376 Sed-jam
1064 3263 1174 3354 effusi
1187 3273 1333 3358 imbres
1346 3307 1430 3362 eru·

160 3407 339 3498 perant,
361 3407 533 3492 quotum
554 3381 610 3464 vis
623 3381 806 3469 immanis
816 3411 889 3500 per
899 3411 969 3470 eos
983 3384 1069 3472 dics
1081 3385 1291 3474 deciderat
1301 3455 1314 3500 Ν.
1344 3393 1430 3478 Ad.-

161 3503 242 3585 huc
274 3493 521 3585 tamencaelo
537 3493 861 3588 dubiomontem
883 3499 1208 3597 conscendimus,
1239 3535 1321 3621 quo
1333 3537 1430 3624 qua.

162 3617 282 3702 drans
296 3641 401 3729 aegre
415 3613 631 3700 admodum
647 3616 710 3700 via
726 3617 898 3706 nimium
911 3616 1080 3712 acclivi,
1106 3621 1151 3706 dc
1165 3617 1254 3708 sero
1265 3631 1429 3716 evectus

162 3734 241 3820 est,
274 3734 436 3819 Interea
460 3733 555 3820 dum
585 3727 888 3820 observationes
915 3731 1103 3849 quasdam
1118 3741 1429 3832 minoreinstru-

164 3873 306 3935 mento
331 3850 588 3971 peragimus,
612 3845 933 3964 repentetaelum
957 3879 1080 3937 omne
1101 3854 1247 3942 nimbis
1262 3857 1429 3947 obduci-

164 3987 258 4056 tur,
288 3961 493 4055 coruscare
506 3961 692 4079 firlgura,
721 3967 908 4055 tonitrua
921 3997 1035 4056 eures
1060 3972 1258 4065 obruere.
1288 3978 1429 4064 imma·-

163 4085 206 4166 ni
234 4081 376 4202 pluvia
405 4076 642 4175 subsecuta,
671 4085 830 4198 quaein
855 4083 993 4203 plures
1020 4087 1138 4176 horas
1164 4091 1426 4206 perduravit.

163 4200 236 4282 Eas
249 4203 290 4280 in
305 4200 454 4314 exiguo
470 4200 708 4314 tuguriolo,
737 4201 782 4285 in
793 4229 878 4320 quo
888 4207 1032 4290 eremis
1045 4202 1254 4294 consistere
1281 4237 1362 4297 non
1378 4213 1427 4298 li-

165 4319 287 4401 cebat
314 4373 326 4407 ,
348 4317 554 4429 exegimus
577 4373 590 4408 ‚
616 4315 861 4411 unde,cunr
882 4321 1029 4408 mitior
1054 4323 1134 4429 jam
1146 4321 1243 4411 esset
1267 4329 1426 4424 imber.

165 4427 266 4516 dum
281 4461 401 4549 equos
428 4431 734 4524 conscendimus
758 4434 927 4522 redituri
945 4436 1143 4532 domum,
1170 4439 1436 4532 insortuniurn

168 4549 343 4642 accidit,
369 4577 451 4664 quo
468 4549 561 4644 ‚nisr
575 4575 693 4641 antea
704 4549 958 4646 cavissemus,
975 4576 1058 4642 tam
1074 4557 1221 4652 multi,
1250 4587 1334 4650 tam
1346 4564 1437 4648 diu-

164 4667 453 4755 :turniiabores
461 4668 585 4756 nostri
596 4693 810 4758 momento
824 4677 1022 4786 temporis
1038 4675 1241 4791 periissent
1260 4745 1270 4764 .

234 4801 326 4874 182.
390 4783 699 4874 Observationes
716 4816 852 4875 ornnes
874 4819 1073 4878 xavernorum
1102 4797 1183 4901 jum
1207 4795 1379 4880 duorum
1391 4799 1434 4882 in
1463 4805 1604 4954 :¹252ssss
1607 4805 1673 4942 “ips

167 4903 356 4993 ordinem
387 4904 554 5020 digestas
583 4961 598 5003 ,
626 4907 672 4993 dc
700 4909 750 4994 ab
778 4911 981 5114 errplribus
1007 4911 1174 5000 minoris
1203 4913 1436 5030 quadrantis

912 5051 939 5112 2
1296 5061 1430 5121 corre-
