4178 5748
655 594 710 688 w
1003 581 1571 670 OPUSCULUM

653 691 911 786 munculam,
937 691 1199 801 cujussenes,
1225 692 1505 786 fidehomines
1521 699 1808 812 integerrima,
1839 727 1927 784 nor·

654 835 777 904 rent,
805 809 895 926 ipfis
922 813 1054 926 pueris
1080 815 1196 898 unius
1228 809 1432 922 cujusdam
1460 847 1512 904 ex
1526 815 1680 930 angulis
1709 819 1810 904 arcis
1827 812 1928 926 ejus·

656 933 747 1016 dem
762 933 942 1016 umbram
957 933 1000 1014 in
1027 929 1195 1016 meridie
1224 929 1422 1018 alteriuse
1439 934 1543 1020 binis
1556 931 1746 1019 solstitiis
1762 931 1928 1022 consue·

654 1047 747 1138 sisse
759 1043 897 1162 ipsum
913 1045 1167 1138 domunculae
1192 1046 1316 1136 limen
1342 1053 1572 1164 attingere.
1606 1051 1926 1139 Procedentibus

655 1167 764 1253 annis
792 1161 1004 1278 paullatim
1031 1168 1090 1250 ita
1114 1165 1197 1270 ejus
1211 1165 1345 1278 anguli
1358 1171 1541 1254 umbram
1568 1167 1660 1253 inde
1689 1165 1928 1260 disceffiffe,

653 1309 701 1370 ut
732 1287 873 1370 umbra
883 1280 1047 1368 alterius
1076 1283 1128 1369 ab
1144 1314 1194 1367 eo
1222 1284 1393 1370 maxime
1417 1285 1598 1370 distantis
1623 1285 1758 1400 anguli
1782 1283 1926 1372 eodem

652 1401 734 1510 jum
752 1429 852 1510 pene
883 1400 1071 1485 devenire
1088 1396 1213 1486 soleat
1226 1431 1278 1486 eo
1298 1396 1388 1514 ipso
1400 1403 1492 1486 anni
1517 1423 1704 1518 tempore
1721 1460 1734 1494 ,
1764 1419 1932 1488 'mutato

659 1519 849 1604 nimirum
874 1513 1398 1632 pofituvelrupis'totius,
1427 1524 1494 1604 cui
1513 1548 1588 1606 arx
1617 1515 1835 1612 imminet,
1868 1515 1931 1604 rel

659 1633 828 1743 subjed’ti
845 1630 921 1720 soli
938 1691 951 1726 ,
978 1639 1021 1721 in
1033 1663 1117 1748 quo
1133 1632 1380 1720 domuncula
1393 1641 1579 1724 extructa
1589 1638 1645 1724 est
1662 1701 1670 1720 .
1701 1640 1792 1744 Ejus
1809 1661 1931 1749 gene·

659 1755 713 1838 ris
729 1774 861 1838 motus
889 1749 1070 1864 pluribus
1097 1747 1181 1834 aliis
1196 1753 1236 1836 in
1266 1748 1507 1844 locissastos
1532 1755 1801 1866 agnovimus,
1832 1763 1929 1838 'cum

660 1867 762 1982 saepe
785 1870 904 1956 nobis
922 1865 1184 1982 significatum
1217 1863 1367 1959 suerit,
1395 1871 1577 1983 querclam
1594 1870 1689 1956 loca
1704 1897 1754 1957 ex
1769 1867 1929 1984 quibus·

595 2043 617 2090 ·,
647 1981 751 2068 dam
765 1983 850 2072 aliis
867 1981 996 2071 videri
1009 2014 1116 2072 nunc
1132 2045 1145 2079 ,
1175 2013 1250 2100 nec
1266 1989 1413 2100 exiguo
1424 1992 1560 2090 tractu
1578 2044 1589 2078 ,
1617 2017 1706 2102 quae
1720 1985 1928 2100 ipsorum,

662 2097 726 2185 vel
742 2127 903 2215 patrum
918 2105 1113 2188 memoria
1126 2101 1244 2188 collis
1261 2107 1414 2190 medius
1429 2107 1743 2218 intercipiebat,
1774 2104 1873 2190 licet
1888 2105 1932 2184 in

660 2245 711 2304 eo
729 2215 897 2306 aedificia
921 2215 1076 2312 adsint,
1104 2220 1420 2335 quaeollendant
1451 2220 1756 2335 phaenomenum
1778 2251 1801 2304 a
1826 2244 1933 2304 terra

663 2339 804 2422 aratris
829 2332 1018 2450 proscissa
1038 2395 1051 2426 ,
1078 2337 1189 2424 &ab
1206 2339 1401 2423 imbribus
1430 2337 1612 2424 destasia
1630 2364 1711 2424 non
1728 2339 1899 2453 pendere
1915 2397 1925 2418 .

661 2450 775 2538 Alibi
794 2455 986 2538 nimirum
1014 2447 1178 2540 subsidit
1223 2451 1405 2539 uullatim
1420 2452 1570 2544 tellus,
1599 2453 1695 2540 alibi
1724 2456 1850 2542 etiam
1869 2475 1929 2536 at·

663 2563 852 2663 tollitur,
883 2575 932 2660 δι
956 2592 1115 2656 montes
1140 2484 1275 2682 ipsbs,
1301 2599 1332 2660 et
1351 2573 1538 2684 campis,
1569 2565 1713 2656 insulas
1747 2567 1929 2656 emedio

661 2688 762 2770 mari
789 2684 924 2774 subito
937 2713 1099 2800 quoque
1124 2685 1340 2802 aliquando
1368 2686 1534 2803 erupisse
1546 2689 1759 2776 norimus,
1792 2681 1934 2772 occul·

661 2823 797 2892 torum
823 2806 1014 2890 nimirum
1038 2807 1193 2916 ignium
1208 2806 1247 2891 vi
1268 2803 1428 2918 lapidea
1439 2825 1605 2918 urgente
1634 2803 1776 2896 stratas
1806 2803 1926 2916 usque

605 2965 613 2976 ·
661 2919 764 3006 adeo
780 2919 975 3008 Mortales
1006 2919 1109 3008 nihil
1133 2921 1322 3010 habemus
1340 2923 1384 3004 in
1402 2919 1561 3007 Tellure
1585 2917 1717 3006 nostra
1737 2915 1927 3008 firmum,

662 3036 880 3126 atstobile.
1822 3054 1826 3062 '

439 3209 644 3269 obsum,
692 3260 697 3266 ‚
728 3185 819 3264 179.
882 3155 1037 3248 Ibidem
1050 3153 1629 3248 obseruationibusinstitutis‚
1656 3163 1833 3245 Penntm
1844 3150 1931 3238 adi·

416 3291 645 3363 r„„„,c„„.
661 3277 816 3368 vimus,
841 3276 888 3360 &
902 3276 997 3360 inde
1010 3273 1265 3360 Scasolinum
1284 3331 1294 3366 ,
1311 3277 1357 3361 δι
1371 3278 1591 3391 Carpegnae
1605 3277 1830 3367 uerticem,
1849 3289 1932 3384 quo

415 3368 646 3522 sai,„,¹⁸:sq,⁶,⁸”'
660 3419 733 3476 nos
749 3387 892 3503 hospes
910 3392 1147 3504 Gatampius
1163 3386 1389 3478 subsecutus
1413 3393 1606 3504 postridie
1634 3421 1821 3477 unacum
1836 3390 1937 3502 Epi·

660 3505 787 3622 scopo
814 3502 1159 3594 observationibus
1178 3507 1238 3593 bis
1264 3503 1480 3601 interluit,
1508 3510 1765 3624 nequeenim
1793 3511 1931 3620 primo

660 3619 897 3712 dieabsolvi
920 3645 1165 3738 potuerant.
1200 3623 1298 3708 lude
1313 3647 1449 3711 autem
1475 3624 1632 3740 digressi
1643 3623 1701 3710 ad
1712 3625 1925 3710 stationem

661 3740 994 3830 Montiscatriae
1009 3738 1444 3830 MacerattiUrbaniam
1475 3748 1739 3858 petebamus,
1772 3737 1839 3826 sed
1861 3739 1933 3824 ob·

661 3854 955 3946 sectationibus
980 3861 1023 3946 in
1037 3859 1181 3944 itinere
1196 3860 1342 3944 habitis
1369 3859 1581 3970 pluribus,
1610 3857 1938 3972 intempesta-no,-

661 3981 729 4066 ete
754 4004 857 4092 aegre
883 3977 1112 4062 devenimus
1141 3975 1192 4060 ad
1221 3971 1422 4064 celebrem
1450 4005 1522 4092 per
1548 4007 1594 4062 ea
1628 3972 1722 4062 loca
1750 3972 1928 4062 sacram„

663 4093 819 4184 aedem,
852 4089 1018 4180 finitimi
1034 4115 1188 4178 vocant
1213 4091 1246 4180 ll
1258 4093 1437 4208 Crocififfl
1450 4093 1497 4177 'dr'
1512 4094 1733 4207 Battaglia,
1766 4091 1839 4178 ubi
1866 4115 1935 4174 ex·

614 4240 623 4264 e
663 4213 809 4326 ceptio
826 4207 1110 4298 Sacerdotibus
1137 4205 1233 4298 loco
1261 4210 1433 4298 addistis
1449 4215 1609 4298 nostem
1638 4207 1927 4323 transegimus,

663 4329 857 4445 acprimo
876 4353 992 4416 mane
1008 4326 1225 4416 Urbaniam
1252 4323 1377 4412 delati
1404 4325 1565 4418 sumus,
1598 4327 1667 4413 ubi
1680 4321 1929 4414 obseruatio·

660 4473 799 4532 nesto
820 4445 887 4532 die
901 4445 1141 4536 habuimus,
1166 4474 1250 4559 quo
1270 4473 1350 4558 ego
1365 4447 1410 4532 δι
1426 4447 1468 4528 in
1482 4448 1659 4532 vicinam
1679 4441 1879 4556 &Angeli
1893 4443 1932 4524 in

659 4563 779 4656 Vado
791 4565 933 4651 urbem
945 4557 1157 4650 excursum
1173 4563 1276 4649 feci,
1308 4591 1354 4646 ac
1373 4562 1567 4676 postridie
1581 4562 1754 4653 eodem,
1773 4579 1858 4674 quo
1870 4555 1932 4646 su·

658 4681 824 4800 periore
845 4709 978 4771 anno,
1013 4681 1158 4764 itinere
1172 4676 1308 4769 Callio
1320 4681 1561 4768 Cantianum
1575 4679 1843 4768 devenimus:

418 4799 647 4943 {lg'e'n'gsf'ffim
722 4817 810 4890 180.
871 4797 1069 4887 Postridie
1086 4798 1170 4906 ejus
1197 4796 1279 4880 diei
1296 4795 1340 4880 in
1358 4801 1540 4884 Cetrium
1569 4795 1815 4886 ascendimus
1829 4792 1929 4881 caelo

422 4958 583 5020 r„„,r„„
598 4881 644 5016 ,ι’
662 4916 882 5010 admodum
896 4911 1024 5014 sudo,
1042 4917 1088 5006 ὅ(
1105 4909 1446 5034 opportunissimo
1459 4916 1511 5036 ad
1524 4912 1820 5010 observandum
1838 4937 1938 5000 tem·

757 5098 762 5106 -
1812 5057 1937 5148 port,
