4178 5748
207 696 210 716 Ι
512 589 544 678 1⁵
601 591 644 676 R
700 585 718 672 l
778 589 823 680 M
879 595 920 680 U
979 593 1053 679 M.
1156 671 1162 680 .
1361 617 1417 702 ⁷3

177 739 275 803 mas,
305 707 348 791 in
369 734 487 822 quarn
504 735 599 794 raro
624 707 843 796 admodum
856 734 1056 823 quatuor,
1083 703 1146 794 vel
1167 707 1340 821 quinque
1358 707 1416 793 se-

175 831 305 918 cundis
324 828 460 911 nolira
472 820 752 941 discrepabant
763 832 939 938 judicia,
967 827 1080 942 quod
1104 827 1173 911 ubi
1186 825 1386 913 accideret
1402 883 1415 918 2

174 953 316 1039 iterum
344 965 532 1029 accurate
557 947 793 1032 notabamus
822 949 983 1034 omnia.
1012 951 1154 1031 Dicam
1185 963 1320 1027 autem·
1343 944 1417 1024 in,

175 1083 317 1176 quarto
346 1056 570 1172 opusculo,
598 1089 675 1172 qua
707 1067 864 1149 ratione
894 1091 965 1174 per
996 1058 1233 1148 divifioner‚
1260 1083 1349 1170 quae
1377 1063 1419 1141 in

177 1181 300 1266 limbo
316 1177 548 1290 quadrantis
576 1180 765 1271 aderant,
791 1179 948 1266 collato
965 1183 1076 1294 prius
1096 1173 1318 1287 teleicopio
1332 1205 1424 1261 mo·

175 1296 356 1398 bilicum
382 1290 495 1386 lixo,
524 1294 634 1406 quod
667 1291 791 1382 fiebat
816 1296 895 1380 sem
951 1327 997 1387 r.
1028 1294 1289 1380 aetimationir
1305 1290 1422 1406 ipsrua

176 1411 367 1522 judicium
397 1407 695 1497 efformaremus
710 1479 718 1496 .
735 1419 868 1500 Porro
887 1323 1044 1528 ligulis
1062 1407 1214 1526 angulis
1239 1406 1423 1492 observa-

177 1533 239 1621 tis,
249 1533 484 1614 notabamus
502 1525 714 1640 diligenter
726 1530 962 1622 distantiam,
974 1534 1020 1614 δε
1035 1527 1277 1644 pofitionem
1289 1528 1421 1609 centri

177 1645 431 1761 quadrantis,
451 1639 633 1759 respediu
648 1648 769 1732 medii
786 1652 868 1754 ejus
881 1643 977 1761 signi
993 1707 1004 1741 ,
1018 1675 1145 1763 prope
1159 1641 1269 1756 quod
1287 1639 1430 1730 obser·-

175 1765 290 1850 vatio
307 1757 392 1871 ipla
405 1764 692 1872 peragebatur,
719 1791 811 1847 cum
837 1761 1083 1874 potillrmum
1106 1764 1149 1844 in
1163 1760 1364 1845 mont-ibus
1378 1760 1420 1841 in
1508 1814 1510 1818 -

177 1876 315 1966 medio
329 1877 491 1988 tugurio
518 1876 840 1965 observationem
854 1882 1059 1965 instituere
1072 1905 1155 1964 non
1171 1875 1339 1960 liceret.
1376 1872 1424 1956 ld

177 2014 313 2086 auteur
328 1992 377 2076 ad
390 1993 752 2082 corr-emunctam
766 1996 920 2110 angulis
932 1995 1150 2084 observatis
1162 1989 1424 2076 adhibendam

176 2107 429 2200 neceliarium
444 2111 613 2196 omnino
624 2133 739 2204 erat,
762 2115 807 2197 &
823 2111 948 2198 facilis
960 2112 1177 2200 admodum
1198 2109 1254 2194 est
1271 2135 1317 2193 aa
1333 2131 1426 2192 cor·

176 2227 338 2317 teatio,
375 2225 518 2336 deque
531 2224 687 2313 fortalle
702 2228 853 2344 aliquid
867 2227 1115 2344 ipsoquarto
1129 2221 1350 2341 opusculo.

244 2369 337 2453 1-34.
368 2342 449 2424 Ubi
462 2343 512 2426 de
539 2347 724 2431 omnibus
740 2343 936 2454 ejusmodi
955 2348 1106 2460 angulis
1121 2342 1212 2428 latia
1236 2341 1428 2428 constite·
1465 2371 1672 2428 uternam

1455 2449 1601 2505 hirudinum
1629 2449 1668 2502 su·

175 2483 241 2546 rat
255 2515 268 2550 ‚
282 2482 370 2544 tum
389 2485 487 2545 vero
504 2513 517 2546 ‚
533 2455 683 2548 sublata
696 2464 833 2576 regula
844 2491 936 2548 cnm
952 2459 1180 2580 teloscopio
1195 2457 1337 2544 mobili
1354 2517 1367 2553 ‚
1382 2459 1486 2580 δι’Νι
1530 2531 1553 2580 ἃ
1562 2525 1592 2578 u
1612 2525 1667 2578 “s-

179 2574 402 2690 quadrante
419 2575 465 2656 in
479 2577 670 2662 verticali
686 2576 759 2665 latu
785 2579 1024 2669 collocato,
1047 2607 1093 2662 ac
1122 2575 1303 2692 pendulo
1321 2546 1667 2681 adje-lulmmiu-

176 2699 250 2780 ἂο
271 2745 284 2781 ‚
307 2692 620 2806 primoquidem
633 2725 719 2782 eam
736 2727 880 2812 ‚quarn
895 2695 1228 2783 testificationem
1241 2693 1427 2780 dicimus,
1439 2683 1590 2740 ‘mm’

175 2839 257 2923 ope
271 2805 450 2919 duplicis
464 2806 673 2926 teloscopii
688 2812 756 2898 lixi
771 2815 1073 2928 praestabamus,
1101 2813 1213 2918 eujus
1229 2810 1437 2894 rationem¹

176 2927 327 3013 itidem
343 2952 543 3038 exponam
559 2927 760 3041 opusculo
770 2953 918 3044 quarto
935 2987 947 3021 ‚
962 2953 1048 3015 turn
1064 2927 1299 3013 altitudines
1312 2920 1430 3035 supra

178 3043 444 3132 horizontem
463 3041 675 3132 stationum
708 3049 920 3135 omnium,
950 3045 1014 3130 vel
1048 3041 1308 3156 deprelliones
1332 3035 1432 3146 infra

173 3151 630 3272 ipsumdeliniebamus
672 3161 804 3244 altero
840 3189 891 3270 pe
917 3155 1182 3270 telelcopium
1214 3154 1432 3243 collinean-

176 3295 222 3356 te
244 3272 290 3354 in
318 3269 527 3358 stationem
556 3267 682 3384 ipsam
713 3333 726 3363 ‚
752 3271 885 3360 altero
906 3275 1049 3360 eodem
1080 3299 1261 3386 tempore
1293 3267 1432 3358 obser·

174 3403 306 3476 vante
334 3384 499 3496 penduli
526 3384 1159 3504 politum2tujusponduleulum
1183 3388 1433 3474 immitteba-

176 3502 330 3589 musin
351 3529 520 3612 aquam,
545 3504 759 3592 nediutius
781 3510 1034 3620 agitaretur,
1062 3509 1107 3592 δε
1120 3503 1147 3589 sr
1162 3531 1302 3590 ventus
1323 3500 1433 3586 forte

179 3614 362 3709 adelict,
382 3619 643 3710 instrumento
660 3623 709 3716 ad
726 3619 855 3746 ipsum
867 3647 1095 3745 praeparato
1111 3680 1122 3714 ‚
1136 3621 1306 3744 penduli
1323 3613 1435 3704 filum

180 3737 519 3849 protegebamus.

250 3874 340 3959 135.
374 3855 428 3938 lis
445 3853 665 3945 observatis
679 3857 833 3971 angulis
847 3860 895 3944 ad
910 3881 1034 3974 eaput
1049 3857 1255 3975 utriusque
1272 3849 1410 3944 baseos
1425 3913 1460 3952 ‚.

1498 3935 1513 3986 s
1602 3937 1677 3996 titolo

184 3966 451 4081 quadrantem
471 3971 632 4062 aliodie
648 3971 898 4063 insomnium
914 3980 1108 4062 verticem
1129 3976 1233 4062 tholi
1259 3979 1311 4060 D.
1331 3951 1684 4070 Petrii'niililumuss

184 4111 282 4174 tum
295 4085 524 4174 incredibili
537 4119 747 4204 operarum
763 4087 900 4176 labore
914 4095 1222 4184 eveximus‚tota
1238 4095 1343 4176 enim
1355 4115 1461 4184 mo·,

184 4199 242 4284 les
258 4201 499 4316 cumlignea
515 4204 658 4315 capsa,
688 4237 810 4321 quam
824 4211 935 4294 utad
950 4236 1087 4296 ornnes
1099 4207 1208 4294 casus
1220 4249 1223 4258 ·
1235 4209 1368 4293 tutior
1381 4185 1462 4288 el-¹

188 4311 280 4404 let,
308 4317 533 4406 eralliorem
558 4319 646 4409 lieri
671 4351 973 4419 curaveramus,
1005 4323 1086 4413 fere
1105 4359 1189 4436 300
1206 4326 1329 4412 libras
1345 4347 1443 4434 pen·

186 4429 314 4516 debat
331 4497 339 4514 .
354 4437 417 4522 lbi
429 4435 773 4527 observationibus
786 4446 986 4553 perustis,
1006 4440 1072 4526 led
1088 4441 1307 4529 Sorianensr
1328 4465 1442 4524 mon-

193 4571 238 4632 te
254 4573 355 4658 aegre
372 4572 479 4640 trans
508 4557 696 4643 nebulam
721 4553 965 4671 prospet‘im
997 4559 1191 4673 postridie
1216 4564 1299 4666 ejus
1331 4553 1444 4645 diei,

190 4689 282 4758 erat
301 4691 435 4753 autem
443 4674 610 4784 Augulli
629 4676 818 4788 prima&
833 4672 1032 4789 nigellum,
1047 4705 1098 4760 ex
1107 4679 1219 4761 Urbe
1235 4705 1256 4758 e
1287 4667 1371 4754 ruffi
1385 4665 1447 4750 su-

186 4809 300 4878 mus,
322 4785 673 4881 &Palumbariarn
699 4787 857 4884 delati,
884 4819 929 4874 ac
945 4793 1160 4906 quadrante
1187 4795 1228 4874 in
1252 4707 1447 4874 irminam

591 4961 602 4974 .
894 4909 931 4996 K
1276 4935 1279 4942 ·
1358 4930 1450 4991 eve-

1553 4329 1556 4339 ,
1683 4309 1688 4336 Ι

1559 4381 1561 4388 i
1647 4376 1711 4418 ,r
