4178 5748
314 747 316 750 ,
511 663 1039 756 SECUNDUM.
1327 695 1407 778 πῃ

148 781 320 878 mensura
335 781 605 895 acciperemus
625 785 697 874 ,dc
712 777 911 870 mensuras
928 781 1094 898 fingulaa
1111 777 1269 898 lingulis
1286 785 1327 869 in
1339 814 1405 872 ca·
1577 877 1581 884 ,

129 907 291 1018 ,ιιιΙοςο
303 899 416 1005 lineis
431 897 805 1012 complersteremur,
821 903 864 984 in
879 899 1003 1015 iisque
1023 904 1160 1016 primae
1177 903 1343 1013 perticae
1357 910 1407 991 ab
1520 915 1522 920 ’

149 1024 291 1110 ultima
304 1019 460 1102 numeri
490 1013 733 1132 superioris,
766 1015 947 1104 secundae
961 1049 984 1102 a
1000 1023 1155 1134 prima,
1179 1021 1225 1103 dc
1241 1022 1408 1104 tertiaea

148 1129 317 1230 secunda
343 1134 684 1244 intercapedinem
710 1158 942 1222 notaremus
973 1196 985 1229 ‚
1016 1131 1106 1221 fieri
1132 1137 1301 1222 omnino
1323 1165 1408 1222 non

148 1274 344 1374 poterat,
374 1273 422 1337 ut
434 1251 477 1332 in
491 1256 666 1362 partium
682 1278 890 1340 numerum
923 1282 1034 1340 error
1053 1251 1182 1344 ullus,
1215 1253 1333 1342 nobis
1348 1255 1408 1337 in,

153 1371 497 1482 sciis,irreperet.
542 1458 544 1462 .
644 1417 648 1424 ·

218 1515 282 1586 17.
313 1485 594 1598 Contingebat
610 1486 842 1578 interdum,
873 1508 921 1574 ut
936 1489 993 1576 nb
1005 1483 1082 1573 soii
1095 1487 1411 1602 inaequalitatem
1428 1507 1659 1604 reformamur

154 1607 328 1723 perticas
341 1599 532 1692 attollere
557 1624 626 1686 aut
643 1601 864 1719 deprimere
897 1601 1051 1690 necesse
1077 1605 1331 1694 haberemur.
1363 1602 1412 1690 Id
1429 1591 1600 1663 ΨΜ·
1677 1613 1681 1620 “

155 1722 319 1838 quoties
335 1715 441 1808 fastu
454 1715 713 1808 necessarium
724 1744 812 1808 erat
828 1783 841 1813 ‚
860 1720 971 1816 iilum
985 1721 1164 1833 pondere
1179 1725 1415 1810 instruerem

153 1838 352 1951 epertica
367 1831 568 1948 superiore
580 1835 917 1928 demittebamua,
945 1839 1058 1942 eujus
1093 1838 1320 1952 aparaiiela
1346 1835 1417 1922 iile

157 1981 284 2070 quarn
299 1950 503 2044 diximus,
535 1950 763 2044 distantiam
792 1955 1083 2046 metiebamur,
1110 1959 1156 2040 δε
1182 1961 1225 2039 in
1240 1955 1418 2046 tabulam

158 2067 452 2162 referebamus.
481 2073 564 2156 Ubi
576 2099 703 2182 porro
725 2072 804 2155 hoc
815 2067 1074 2157 necessarium
1088 2099 1169 2157 non
1183 2097 1298 2166 erat,
1319 2098 1419 2188 per·

159 2190 255 2278 ticae
278 2187 330 2276 ‚ad
356 2181 472 2274 fitum
500 2185 807 2278 Horizontalem
836 2187 1146 2302 redigebantur,
1187 2186 1419 2275 attollendo

157 2302 228 2396 seu
244 2303 525 2417 deprimendo,
539 2333 621 2419 ope
638 2300 906 2396 cochlearum,
920 2304 1075 2397 tabulas
1088 2307 1254 2418 ,quibus
1268 2308 1419 2389 incum-

156 2423 332 2512 bebant.
364 2425 450 2506 Hac
479 2424 635 2508 ratione
667 2426 948 2540 operationem
976 2448 1108 2512 totam
1138 2420 1344 2510 absolvere
1370 2419 1441 2504 li·-

160 2541 252 2625 cuit
267 2538 404 2624 eadem
431 2539 728 2653 propemodum
755 2540 953 2629 facilitate
972 2599 983 2634 ,
1011 2569 1059 2628 ac
1077 2539 1103 2624 {i
1119 2566 1210 2628 tota
1223 2538 1326 2626 Basra
1344 2567 1420 2624 no·

159 2655 247 2742 strae
261 2655 479 2769 longitudo
494 2658 542 2740 ad
559 2657 732 2744 amussim
743 2659 1003 2772 complanata
1017 2655 1145 2745 fniffet
1164 2718 1176 2753 ,
1202 2679 1422 2772 propterea

163 2773 280 2886 quod
296 2769 406 2860 casua
421 2770 495 2858 iste
511 2772 728 2860 attollendi
743 2775 804 2862 vel
816 2775 1060 2862 demittendi
1073 2778 1248 2888 perticas
1273 2777 1313 2854 in
1341 2768 1423 2854 Basr

155 2884 383 3004 praesertim
397 2885 635 2976 Ariminenfi
653 2891 757 2976 haud
771 2895 830 2977 ita
844 2887 1069 3006 frequenter
1084 2897 1362 3003 contingeret.

229 3020 295 3094 18.
329 3009 416 3117 Jam
429 3035 525 3093 vero
541 3009 624 3092 haec
638 3005 739 3093 Bafis
757 3011 814 3096 ob
842 3007 993 3096 flexum
1016 3009 1178 3100 litoris,
1205 3008 1349 3117 dequo
1364 3001 1425 3088 su·
1439 3030 1504 3088 aaa,
1525 3038 1670 3096 ramae..

161 3126 304 3243 parius
318 3125 474 3214 mentio
488 3121 591 3216 facia
605 3125 685 3215 est,
704 3129 744 3207 in
758 3125 854 3210 duas
868 3131 996 3210 ree'ras
1011 3127 1060 3208 ad
1074 3122 1294 3210 seinvicem
1309 3119 1423 3203 incli·
1441 3109 1470 3164 ⁶¹
1496 3117 1605 3173 ΜΕΝ
1637 3137 1671 3176 ‘¹

1458 3209 1555 3247 Mul·

156 3264 283 3330 natas
302 3261 421 3347 atque
448 3235 653 3350 Angelum
672 3249 770 3334 170⁰
788 3239 854 3342 μ’
869 3235 1266 3355 15'‘c0mp1eetentes
1293 3233 1424 3324 neces·

156 3349 504 3443 sariodividenda
524 3349 629 3448 firit,
654 3376 702 3437 ut
731 3356 773 3438 in
785 3353 853 3469 fig.
871 3385 901 3442 1.
921 3358 1002 3446 tab.
1022 3385 1052 3444 1.
1079 3359 1216 3441 uidere
1243 3355 1341 3440 licet
1356 3415 1368 3448 ,
1383 3357 1425 3438 in
1451 3427 1480 3478 H
1514 3424 1631 3480 ¹an

160 3501 247 3590 qua
274 3475 309 3552 A
337 3469 496 3552 initium
522 3466 661 3556 Baseos
690 3501 820 3584 prope
848 3474 995 3562 ostium
1029 3470 1194 3588 Aprusae
1220 3471 1422 3563 fluminis,
1483 3441 1537 3498 g..
1606 3457 1645 3482 '⁰

163 3585 282 3705 quod
297 3585 522 3672 Ariminum
538 3587 588 3674 ab
602 3590 771 3676 Oriente
784 3589 904 3677 alluit
919 3649 933 3684 ,
949 3587 1204 3706 repraesentat
1221 3649 1232 3680 ,
1255 3593 1288 3674 Β
1304 3585 1436 3690 ΗηειηΙ

165 3709 313 3821 primae
341 3701 497 3813 partis,
527 3699 700 3790 Cfinem
729 3709 855 3819 partia
878 3705 1120 3795 secundaeac
1147 3703 1246 3790 Bafis
1272 3705 1420 3790 totius.

164 3823 450 3933 Dueraporro
466 3824 577 3904 reeta
595 3823 665 3904 AC
676 3875 688 3910 ,
717 3820 947 3910 obseruatus
976 3826 1034 3910 est
1057 3820 1235 3936 Angulus
1262 3823 1365 3906 CAR
1375 3826 1427 3923 4⁰
1452 3855 1457 3864 ·

168 3933 328 4037 1645,
343 3936 387 4020 dc
403 3936 508 4021 ΑΕΒ
519 3941 570 4033 4⁰
611 3931 675 4037 57'
689 3933 761 4025 0¹⁴.
779 3940 952 4028 Demiiia
966 3937 1300 4056 ¹perpendiculari
1327 3942 1428 4031 BD,

168 4059 403 4139 minuantur
418 4053 489 4140 AB
506 4108 518 4143 ,
534 4055 602 4142 BC
615 4112 627 4148 ,
642 4058 854 4145 iuratione
872 4053 1276 4172 finuscomplementi
1290 4057 1429 4170 Angu-

168 4169 306 4260 Iorum
330 4175 364 4258 Α
392 4171 495 4258 &C
527 4173 577 4257 ad
606 4175 783 4260 Radium
808 4171 1030 4290 respediive
1058 4234 1071 4268 ,
1101 4178 1430 4288 invenienturque

170 4281 376 4394 segmenta
389 4289 466 4376 AD
483 4293 597 4377 ,Dc
609 4346 623 4384 ,
645 4305 731 4404 quae
746 4289 858 4378 fimul
878 4287 1037 4408 sumpta
1060 4288 1184 4377 Bafim
1212 4314 1342 4381 totam
1362 4293 1433 4376 AC

175 4397 380 4492 efficiunt.
415 4408 545 4494 Porro
564 4435 658 4494 cum
674 4411 778 4494 inter
801 4413 837 4494 A
863 4411 908 4496 δε
936 4412 999 4501 B,
1026 4404 1305 4496 transeundum
1334 4405 1430 4493 effer

176 4515 331 4612 flumen
348 4527 587 4614 Amaranum
604 4526 716 4634 ,ejus
729 4521 1016 4628 latitudinem,
1041 4553 1128 4644 quae
1142 4547 1188 4610 ut
1200 4555 1223 4610 a
1235 4529 1344 4611 recia
1357 4525 1430 4607 AB

172 4631 396 4734 secabatur,
407 4637 571 4755 primos
581 4670 663 4754 431
679 4639 1082 4757 ζεοιῃρΙεόὶὼαῑιιῐ,
1097 4639 1431 4757 trigonometrice

173 4756 352 4843 eruimus
378 4817 390 4851 ,
428 4759 644 4848 efformato
670 4759 873 4874 triangulo
898 4759 979 4847 sere
1006 4763 1279 4875 aequilatero,
1309 4778 1429 4867 atque

174 4899 259 4964 uno
273 4874 358 4986 ejus
373 4907 490 4967 crure
519 4903 591 4993 pet
608 4871 828 4966 mensuram
857 4877 1157 4972 determinato,
1183 4877 1242 4962 ita
1266 4894 1313 4962 ut
1342 4867 1431 4956 nul·

881 5000 905 5084 8
1348 4987 1432 5081 luna
