4132 5766
665 569 788 700 md
1002 576 1568 668 OPUSGULUM

430 749 519 802 nnn
540 733 642 796 'num
713 723 820 816 1230.
847 695 1107 830 Qtodsrope
1118 697 1352 813 quadrantis
1366 697 1516 782 debent
1529 685 1687 779 definiri
1703 717 1847 780 omnes
1859 721 1921 780 an·

413 828 480 884 ω’
501 821 643 876 “bs‘'”ffl
667 823 751 938 guli
786 819 1008 932 cujulpiam
1027 813 1249 928 trianguli,
1276 811 1389 928 quod
1405 813 1567 927 quidem
1594 807 1743 896 accidit
1768 814 1810 897 in
1826 809 1923 900 casn

413 923 461 977 per
472 901 550 974 ipsum
561 903 644 952 omni·

253 971 260 976 ’
414 981 572 1048 husrngnrls
587 981 643 1048 ,n-
666 939 834 1026 nostro,
863 937 932 1022 nbi
947 937 979 1021 is
993 937 1205 1036 adhibetur
1221 935 1273 1018 ad
1286 931 1558 1018 dimetiendos
1586 924 1751 1042 angulos
1777 958 1922 1020 omnes

412 1063 478 1113 'lm
500 1059 644 1126 urnrru·
666 1054 884 1172 pnligoni,
912 1039 1093 1142 sr‘eorum
1110 1045 1263 1138 summa
1277 1050 1506 1138 inveniatur
1525 1051 1713 1134 accurate
1727 1078 1785 1162 gr.
1808 1065 1915 1138 180,

415 1155 490 1195 ''¹¹²’'
663 1173 1207 1288 quadranseritaccuratus3
1234 1167 1303 1265 lin,
1320 1168 1476 1258 minus,
1503 1193 1619 1252 error
1633 1165 1919 1253 eritdimidrus

663 1291 794 1376 totius
807 1288 1066 1374 differentiae.
1095 1292 1133 1373 ls
1153 1285 1317 1401 quidem
1333 1343 1344 1376 ,
1359 1280 1387 1368 ss
1403 1287 1517 1370 unius
1533 1281 1709 1398 tranguli
1725 1311 1807 1400 ope
1820 1281 1919 1370 defi·

662 1409 831 1498 niatur,
865 1409 1040 1491 incertus
1064 1407 1144 1490 erit
1173 1407 1230 1490 ob
1264 1401 1522 1518 fingulorum
1538 1401 1781 1517 angulorum
1808 1427 1923 1489 error

663 1555 755 1616 res,
785 1525 884 1640 dum
899 1553 980 1638 ope
993 1520 1111 1640 ipfius
1125 1519 1357 1636 quadrantis
1374 1516 1645 1611 definiuntur,
1670 1520 1743 1632 qui
1757 1516 1921 1634 aliquot

662 1641 928 1729 secundorum
943 1665 1061 1727 erunt
1075 1639 1260 1754 semper,
1288 1667 1378 1724 curn
1403 1665 1483 1752 ope
1511 1635 1678 1726 sudoris
1693 1657 1810 1724 tanto
1825 1633 1919 1722 lon·

663 1762 788 1874 gioris
803 1787 917 1844 error
930 1761 1071 1850 unius,
1101 1755 1167 1844 vel
1180 1756 1343 1844 alterius
1355 1753 1515 1842 secundi
1544 1755 1690 1843 evitari
1714 1782 1797 1840 non
1822 1750 1914 1870 pol'·

662 1878 735 1964 fit.
768 1870 1104 1966 Verumfimul-ts
1134 1871 1334 1983 ejusmodi
1361 1871 1563 1987 triangula
1585 1875 1840 1965 habeantur,
1866 1899 1913 1962 ut

660 1989 810 2079 incasu
824 1991 1014 2108 poligoni
1028 1992 1260 2108 longioris,
1293 1993 1339 2077 δε
1354 1986 1559 2078 sumantur
1574 1991 1820 2078 differentiae
1836 2012 1916 2077 ter·

658 2139 806 2199 norum
824 2110 1065 2224 angulorum
1084 2111 1276 2225 trianguli
1291 2107 1466 2219 cujusvis
1484 2113 1526 2194 in
1544 2112 1705 2198 unicam
1719 2105 1917 2196 colledu-

660 2257 750 2315 rum
777 2222 1024 2334 summania
1052 2229 1240 2348 gradibus
1273 2243 1353 2316 180
1376 2223 1587 2342 pofitivae,
1617 2226 1689 2315 uhi
1714 2256 1785 2313 eos
1799 2254 1915 2316 exte·

660 2347 787 2438 dunt,
817 2348 1041 2460 negativae,
1075 2349 1146 2436 ubi
1174 2349 1226 2434 ab
1253 2345 1302 2433 iis
1326 2340 1521 2432 deliciunt
1549 2379 1560 2438 r
1587 2347 1774 2433 omnibus
1802 2344 1917 2460 dille·-¹

657 2465 1044 2553 rentiisinunicam
1070 2463 1255 2555 colludiis
1283 2460 1503 2555 summam,
1530 2467 1577 2552 dc
1605 2491 1679 2578 per
1701 2491 1912 2550 numerum

659 2581 958 2698 triangulorum
982 2580 1126 2674 divitis·
1142 2584 1194 2670 de
1212 2611 1353 2677 more,
1367 2664 1373 2672 ,
1386 2604 1433 2666 ut
1460 2577 1660 2670 habeatur
1681 2581 1920 2690 differentia,
2056 2681 2057 2700 ᾖ

657 2697 816 2792 media,
844 2700 958 2808 hujus
977 2702 1198 2790 dimidium
1225 2701 1307 2789 erit
1331 2727 1448 2788 error
1470 2696 1656 2814 quaefitus
1678 2697 1914 2816 quadrantis

665 2819 823 2912 totius,
851 2817 987 2907 multo
999 2823 1082 2930 jam
1094 2821 1249 2910 certior
1260 2847 1311 2908 ex
1324 2815 1505 2936 plurium
1522 2818 1910 2908 determinationum
2055 2917 2056 2940 ,

660 2937 974 3047 conjunctione.

360 3125 364 3132 .
428 3081 522 3140 rent,
541 3081 675 3178 ψη..
722 3081 822 3167 ²31·
853 3058 993 3146 Potest
1005 3057 1114 3148 idem
1125 3061 1348 3180 investigari
1363 3063 1487 3149 etiam
1508 3089 1589 3178 ope
1614 3057 1791 3176 duplicis
1817 3058 1919 3162 telo,

406 3161 643 3297 fflffi'fl‘fi}
661 3167 822 3288 scopii,
848 3177 918 3261 uhi
934 3177 977 3264 id
990 3175 1046 3266 'ell
1058 3175 1242 3295 duplex,
1267 3202 1315 3264 ut
1328 3201 1414 3268 erat
1440 3177 1629 3266 nostrum
1643 3175 1914 3293 telelcopium
2054 3179 2055 3210 ³

407 3333 457 3376 n,
474 3259 646 3412 suilli,
660 3286 814 3384 fixum,
845 3293 961 3401 juxta
984 3325 1196 3404 num.179.
1214 3299 1393 3384 Primum
1406 3298 1517 3384 enirn
1532 3293 1730 3406 ejusmodi
1745 3292 1913 3384 telelco·

408 3395 513 3456 '¹²⁰⁸‘
523 3395 644 3458 ΜΟ·
660 3409 722 3524 pii
735 3413 1074 3525 'opeinreniends
1090 3411 1181 3500 sunt
1195 3417 1290 3518 bina
1304 3414 1725 3524 objet⁰raediametro
1753 3409 1912 3530 oppnfi·
2053 3473 2054 3480 Ν

658 3549 730 3620 ta,
758 3531 871 3643 qnod
896 3528 947 3612 ad
974 3530 1156 3646 ipsorum
1172 3529 1491 3668 telelcopiorum
1519 3561 1611 3624 axes
1638 3531 1906 3650 disponendos

656 3643 733 3732 litu
744 3645 940 3762 parallelo
955 3650 1165 3738 contrario
1177 3654 1428 3766 requiritur,
1455 3675 1544 3740 tum
1569 3651 1768 3764 allumpto
1793 3649 1905 3756 obje-

655 3767 726 3848 r‘lo
740 3765 1011 3858 intermedio,
1044 3771 1088 3855 dt
1108 3765 1291 3856 dimenfis
1306 3769 1409 3856 binis
1420 3769 1580 3888 angulis
1609 3801 1690 3887 ope
1710 3767 1907 3883 qusdran·

654 3877 864 3996 tisiplius,
897 3877 1082 3973 ficorum
1096 3883 1247 3974 summa
1270 3910 1400 4002 aequet
1412 3883 1557 4002 gradus
1578 3905 1688 3980 180,
1715 3885 1910 4001 quadram

652 3997 710 4086 est
723 4022 956 4098 accuratus,
973 3997 1100 4110 leons,
1113 4001 1328 4088 dimidium
1348 4005 1588 4094 differenriae
1600 4007 1657 4095 est
1673 4035 1790 4094 error
1800 4031 1907 4119 quse·

652 4112 747 4252 litus
758 4183 778 4256 ⁴.
803 4115 1127 4256 Ethaecquidern
1148 4120 1366 4210 methodus
1394 4128 1564 4213 omnino
1587 4119 1774 4213 substitui
1786 4123 1911 4212 debet

619 4391 621 4396 ψ
650 4261 842 4442 {llll
855 4235 1387 4470 rsslss‘ltllllrllll,
1413 4237 1908 4479 helhlhfizlrlli

650 4491 701 4558 ut
718 4473 834 4560 nohis
851 4477 1032 4591 contigit
1046 4477 1251 4567 Arimini,
1273 4477 1510 4566 habentibus
1530 4505 1719 4597 apertum
1734 4507 1844 4566 mare
1859 4475 1909 4566 ad

649 4587 919 4703 Aquilonem
937 4592 999 4680 vel
1016 4596 1086 4680 ubi
1101 4597 1333 4708 proximum
1359 4593 1576 4688 aedilicium
1592 4627 1780 4714 magnum
1797 4598 1910 4686 hori·

651 4710 785 4816 sontis
794 4732 956 4820 partem
972 4704 1187 4825 surripiat.

1706 4961 1919 5070 232.Por·
