4256 5730
556 531 593 632 ‚P
652 533 693 618 R
751 531 769 614 1
827 535 873 618 M
931 533 970 616 U
1027 534 1106 618 M.
1429 566 1459 634 7
1599 617 1603 628 ,

204 639 500 759 consignatam,
529 650 601 760 qui
613 643 789 755 ejusdem
815 645 1027 736 modulum
1051 649 1158 764 apud
1172 647 1209 734 se
1221 677 1381 766 quoque
1395 567 1459 740 ἕο

207 766 405 851 tinuerat,
444 759 528 850 alio
544 789 709 853 extante
724 766 832 879 apud
843 768 1083 852 Mairanium
1105 832 1113 852 .
1146 769 1204 854 Ex
1230 768 1374 858 eodem
1385 774 1465 886 igi,

206 900 272 966 tur
287 879 460 966 modulo
485 877 663 988 ejusdem
689 882 905 997 Langloini
933 885 1281 997 optraMairanius
1311 891 1356 976 δε
1379 917 1465 974 eam

203 990 482 1111 deprompfit,
514 1027 604 1113 qute
635 999 951 1090 admeRomem
980 997 1198 1086 transmitti
1224 1001 1394 1094 debuit,
1424 1007 1468 1088 in

205 1109 337 1198 ferrea
363 1113 509 1200 itidem
538 1117 703 1232 regula,
737 1121 779 1200 in
804 1146 882 1232 qua
906 1114 991 1234 ipse
1022 1115 1166 1204 artifex
1191 1117 1384 1234 plures&
1400 1148 1470 1235 pe-

208 1229 341 1322 dum,
371 1231 625 1345 digitorum,
656 1233 878 1328 linearum,
910 1265 956 1322 ac
983 1239 1189 1320 minorum
1215 1238 1473 1354 etiamparti·

210 1344 393 1435 cularum
419 1347 628 1438 divisiones
648 1383 727 1467 ope
744 1347 1058 1440 transversalium
1088 1355 1316 1448 testarum,
1339 1354 1478 1461 adjunss

209 1464 298 1550 xit.
334 1465 502 1580 Scripsit
530 1490 664 1554 autem
687 1470 737 1554 ad
764 1498 829 1554 me
839 1472 1058 1556 Mairanius
1082 1467 1371 1558 humanissimus
1383 1471 1472 1562 vir,

210 1603 335 1694 atque
357 1581 702 1696 diligentissimus,
732 1585 772 1672 se
783 1585 950 1674 Parisios
975 1585 1162 1672 reducem
1188 1587 1278 1699 post
1300 1592 1480 1678 Aurum.

213 1698 324 1782 nales
338 1694 455 1784 serias
480 1705 575 1786 anni
591 1700 796 1810 ejusdem,
826 1727 921 1790 ante
946 1733 1064 1818 quam
1080 1698 1165 1818 ipsa
1181 1702 1252 1788 illa
1276 1704 1414 1820 regula
1429 1731 1478 1798 ex

220 1839 270 1898 ea
281 1817 402 1908 urbe,
433 1821 689 1904 emitteretur
706 1880 717 1913 ‚
735 1819 842 1906 lente
855 1820 1036 1906 adhibita
1054 1875 1066 1910 ,
1097 1820 1275 1906 eamdem
1299 1849 1390 1906 curn
1412 1816 1479 1904 sua

122 1967 126 1976 ·
218 1931 434 2018 contulisse
447 1936 619 2025 iterum,
651 1937 761 2024 &ad
779 1935 1058 2024 exauiffimam
1084 1935 1481 2049 aequalitatemrede-

217 2041 340 2160 gisset
373 2074 422 2137 ut
435 2052 594 2138 ideireo
606 2051 657 2138 de
672 2085 719 2140 ea
733 2056 920 2142 dubitare
933 2055 1103 2139 omnino
1113 2079 1196 2140 nou
1210 2050 1362 2140 liceat.

139 2160 143 2169 ¹
277 2177 350 2263 76·
412 2166 1483 2288 QuanquamtamenmatureadmodumPurisrismen·
1531 2188 1727 2250 ,tetrum

218 2275 311 2366 sura
333 2281 403 2369 illa
420 2280 668 2380 discesserit,
700 2289 829 2374 adhuc
849 2312 1009 2378 tamen,
1042 2289 1144 2371 mari
1167 2282 1408 2380 transmissa,
1436 2291 1482 2374 δε
1498 2269 1730 2406 ,ζ’ᾗᾞξζῇξζζξ

216 2399 261 2480 in
275 2397 458 2511 pluribus
484 2408 683 2514 portubus
709 2405 883 2496 buttem,
911 2399 1077 2491 nonnisr
1091 2404 1182 2518 post
1207 2404 1581 2492 multosmen-nxam
1599 2442 1618 2488 a
1634 2428 1732 2498 rumo-

216 2509 278 2600 see
290 2521 469 2606 Romam
484 2518 619 2608 delata
642 2522 697 2610 est
714 2580 726 2612 ,
756 2551 849 2610 cum
860 2519 1016 2608 interea
1033 2520 1289 2608 dimetiendae
1305 2522 1383 2612 basi
1399 2526 1481 2628 jam
1497 2522 1728 2642 {ssffi‘jffl'

218 2653 382 2749 tempus
395 2636 580 2724 instaret.
605 2642 760 2726 Partim
785 2642 912 2754 igitur
931 2669 1018 2726 eam
1042 2643 1099 2726 ob
1116 2634 1299 2731 causam,
1333 2643 1486 2752 partim

217 2747 317 2836 nesi
342 2755 467 2838 etiam
491 2757 647 2844 interea
675 2757 963 2847 adveheretur,
995 2756 1160 2842 incertis
1183 2784 1271 2840 eam
1296 2758 1487 2842 itinerum

218 2866 641 2964 uostrommcafibus,
674 2877 901 2990 &apertm
933 2901 980 2958 ae
997 2869 1097 2988 saepe
1112 2870 1334 2960 admodum
1360 2870 1491 2958 humi-

218 2983 282 3072 do
295 2988 377 3071 ueri
391 2992 737 3078 committeremus
754 3048 765 3080 ,
782 2992 985 3074 communi
1000 2987 1195 3074 consensu
1207 2987 1325 3074 aliam
1338 2989 1491 3100 paravi·

216 3129 316 3188 mus
344 3099 514 3190 ferream
538 3105 686 3190 itidem
714 3103 922 3216 regulam,
955 3106 998 3185 in
1026 3133 1104 3216 qua
1127 3106 1232 3194 binis
1263 3101 1491 3203 tenuissimis
1535 3159 1542 3174 ·

219 3221 389 3334 pundtis
402 3221 754 3306 determinavimus
772 3217 1026 3308 intervalium
1040 3219 1267 3332 palmorum
1281 3225 1489 3307 Romano·

218 3357 318 3416 rum
334 3363 510 3427 novem,
541 3335 796 3451 desumptum
815 3363 865 3420 ex
888 3335 1116 3452 capitolino
1141 3335 1305 3453 lapideo
1320 3335 1489 3437 modulo

219 3449 389 3565 publice
405 3454 607 3565 prestante
635 3466 650 3556 (
665 3459 803 3569 inquo
820 3477 955 3541 tamen
972 3450 1209 3544 divisionum
1223 3454 1336 3539 lineae
1352 3455 1491 3540 admo-

221 3566 322 3654 dum
338 3567 494 3663 crussae,
521 3577 885 3662 nouitacertum,
918 3571 1390 3658 &accuratumlimitem
1404 3566 1490 3684 pal-

224 3715 390 3772 morum
405 3687 626 3800 exhibent)
655 3719 747 3775 cum
762 3688 827 3776 sex
840 3688 919 3776 iilis
932 3683 1203 3778 Parifienfibus
1217 3687 1385 3805 pedibus
1398 3715 1493 3771 con·

228 3801 433 3890 serendam
460 3806 635 3900 deiude,
662 3831 710 3894 ut
735 3809 784 3894 de
811 3809 969 3895 ratione
996 3805 1105 3891 inter
1131 3833 1222 3896 eum
1244 3805 1416 3924 pedem,
1446 3807 1491 3890 ὅ(

230 3951 443 4012 romanum
457 3921 637 4038 palmum
663 3925 873 4042 aliquanto
899 3922 1237 4012 certiusconstere
1258 3921 1413 4040 posset.
1441 3923 1500 4020 Et

231 4039 455 4154 etquidem
482 4040 664 4130 mensura
689 4041 847 4130 sexislis
862 4043 1030 4158 pedibus
1045 4035 1124 4124 sive
1153 4043 1310 4158 integra
1324 4041 1495 4152 hexape·

232 4157 319 4252 da,
347 4159 492 4244 debuit
518 4157 592 4246 esse
618 4161 825 4274 aliquanto
851 4155 1018 4250 lenuior
1046 4191 1058 4246 r
1083 4153 1150 4246 sed
1180 4155 1493 4359 cujuscumoue,

234 4277 356 4362 etiam
378 4277 646 4368 arbritrariae,
674 4275 862 4368 mensurae
881 4239 1001 4369 esset,
1030 4275 1176 4362 adrem
1199 4277 1375 4364 nostram
1408 4295 1498 4357 utu·

237 4417 504 4508 teerataeque
527 4395 666 4488 utilis,
696 4394 923 4482 dummodo
946 4392 1204 4508 eertaaliqua
1228 4391 1425 4480 methodo
1441 4383 1500 4473 sa·

239 4497 292 4592 sis
322 4537 504 4598 accurata
526 4515 610 4618 ejus
636 4517 743 4600 ratio
774 4511 824 4598 ad
849 4511 1095 4627 hexapedam
1125 4513 1306 4600 obtineri
1334 4505 1502 4630 posset)

236 4624 354 4740 quod
365 4628 525 4740 quidem
538 4635 642 4718 binis
655 4629 882 4719 methodis,
912 4653 959 4716 ut
974 4635 1015 4714 in
1029 4655 1176 4749 quarto
1188 4621 1388 4742 opusculo
1407 4613 1502 4702 dih-

233 4747 396 4862 gentius
408 4775 635 4866 exponam,
662 4749 919 4864 prestitimus
933 4804 946 4840 ,
962 4747 1145 4866 pluribus
1174 4745 1327 4837 vicibus
1347 4743 1502 4826 iterato

1412 4885 1508 4946 exa·
