4156 5752
475 572 1096 692 TERTIUM,
1338 597 1416 688 τες.

154 695 875 823 quasubduttaatatitudineiocii
890 701 941 786 ad
959 703 1106 789 ostium
1133 696 1326 812 Aprusae,
1354 699 1414 782 ni-

153 829 301 911 mitum
318 825 432 918 a44⁰
449 810 580 926 3‘47''
607 815 840 931 relinquunt
865 821 1142 905 Latitudinem
1168 818 1314 903 Urbini
1333 822 1412 930 43⁰

154 936 221 1052 43'
237 933 334 1051 36'',
351 933 429 1022 iere
448 957 466 1034 ς
483 935 649 1018 minutis
668 935 863 1022 minorem
882 966 954 1043 ea,
971 967 1089 1051 quam
1100 936 1337 1020 Blanchinus
1353 936 1415 1018 in-

153 1081 341 1148 venerat.
368 1052 493 1176 Qiod
506 1051 670 1162 quidem
687 1049 1028 1142 nullomodoviri
1043 1053 1093 1138 de
1107 1051 1414 1140 reAstronomi-

152 1205 227 1269 ta,
259 1203 305 1262 ac
324 1169 606 1284 Geographica
619 1171 778 1284 optime
795 1176 931 1259 meriti
944 1170 1135 1290 carpendi
1156 1168 1270 1256 causa
1299 1189 1415 1254 nota-

155 1319 244 1382 tum
261 1293 409 1380 veiim,
444 1284 510 1370 sed
529 1291 667 1402 nequis
685 1285 793 1376 illius
812 1291 1059 1379 auctoritate
1077 1289 1269 1375 adduntur
1282 1285 1414 1379 deter-

155 1412 398 1496 minationes
414 1405 595 1498 nostras,
622 1431 711 1520 quae
730 1403 850 1524 longe
869 1406 1049 1494 firmiore
1066 1405 1325 1493 fundamento
1352 1405 1416 1484 ni·

155 1549 324 1618 tantur,
355 1523 551 1637 suspet⁰tas
578 1522 749 1610 babeat.
778 1525 952 1611 Videtur
967 1546 1103 1612 autem
1129 1523 1196 1606 bic
1222 1551 1338 1606 error
1364 1547 1414 1606 ex

155 1645 379 1760 pavimenti
392 1640 655 1727 inclinatione
669 1639 860 1728 mansisse.
899 1639 1073 1728 Tametsi
1087 1643 1194 1728 enim
1210 1635 1325 1724 facile
1343 1630 1415 1721 fie-

150 1763 420 1876 ripotuerit,
446 1783 493 1846 ut
507 1756 608 1866 iilud
635 1761 840 1872 quinque,
869 1757 961 1851 sex,
995 1756 1197 1872 septemve
1212 1755 1410 1843 minutis,

156 1899 229 1964 aut
243 1881 365 1964 etiam
380 1876 585 1991 aliquanto
600 1874 769 1988 amplius
783 1901 854 1965 ant
880 1875 1164 1965 attolleretur,
1191 1893 1261 1956 aut
1275 1872 1414 1986 depri-

153 2021 362 2088 meretur,
396 1991 587 2108 nusquam
601 2015 735 2080 tamen
759 2016 959 2113 apparet,
989 1992 1053 2082 Cl.
1077 1995 1216 2080 Virum
1231 1985 1280 2072 de
1297 1987 1417 2100 εοιιάδ

150 2111 331 2201 libellam
343 2113 549 2228 exigendo
561 2108 752 2226 cogitiise
768 2183 776 2202 .

217 2259 286 2332 24.
320 2231 593 2354 Qodautem
618 2227 865 2346 reliquorum
895 2235 1110 2328 locorum,
1136 2227 1406 2346 quorumillic
1422 2248 1661 2342 turasius,-

156 2352 370 2442 meminit,
401 2347 653 2434 Latitudines
675 2377 759 2435 non
775 2355 935 2448 ,eaedein
960 2352 1063 2444 fint,
1090 2379 1183 2437 cuin
1209 2349 1282 2441 iis,
1307 2325 1659 2464 ᾳυαεζζζζᾚζδζζῐξξξ·

153 2494 230 2552 nos
242 2467 616 2560 determinavimus,
653 2467 695 2552 id
707 2475 903 2559 cuminus
926 2471 1150 2558 mirandum
1181 2470 1262 2558 est,
1293 2469 1403 2582 quod
1421 2504 1496 2580 cause
1515 2481 1548 2540 ,t
1566 2483 1656 2540 aot„

150 2579 341 2672 locorum
362 2583 456 2672 fitus
490 2585 643 2696 exiguis
672 2617 694 2671 e
720 2585 872 2676 basibus
899 2588 1134 2702 plerumque
1160 2583 1375 2672 deduxerit
1392 2565 1576 2681 ,⁶²⁰¹'“⁸''

145 2729 237 2815 quae
251 2698 990 2817 quidemelonginquospet‘tataecum
1016 2703 1089 2789 sub
1116 2703 1267 2817 exiguo
1298 2705 1409 2816 pari·

146 2841 210 2903 ter
228 2819 378 2936 angulo
393 2843 679 2911 cernerentur,
715 2817 801 2905 sieri
831 2825 898 2912 viii
929 2844 1120 2938 poterat,
1149 2841 1196 2904 ut
1213 2819 1414 2932 graviori-.-
1552 2851 1558 2860 ·

143 2937 217 3024 bus
232 2941 276 3020 iii
293 2935 508 3025 intervallo
521 2930 749 3024 definiendo
763 2936 1116 3027 erroribuslocum
1139 2964 1222 3019 non
1252 2935 1405 3047 praebe·

145 3079 242 3140 rent
258 3121 277 3180 ¹,
297 3055 492 3169 Equidem
509 3053 725 3142 Methodus
746 3053 847 3148 illa,
874 3061 936 3144 uti
956 3053 1261 3142 inbreuioiibus
1276 3053 1403 3135 inter·

145 3170 268 3255 vallis
281 3168 537 3256 dimetiendis
550 3172 870 3282 reprehendenda
882 3201 962 3259 non
974 3171 1054 3262 est,
1083 3171 1141 3255 ita
1154 3171 1194 3252 iii
1209 3167 1405 3282 longiori·

142 3287 224 3371 bus
242 3313 323 3370 non
352 3285 420 3370 nifi
455 3307 551 3369 tunc
577 3282 757 3400 usurpari
784 3288 930 3380 debet,
957 3287 1402 3376 cumcaet'eraieritatis
1458 3297 1467 3320 ’

144 3403 388 3516 indagandae
414 3399 656 3490 adminicula
680 3399 977 3494 desiderantur.
1005 3407 1087 3492 Ubi
1100 3426 1231 3488 autem
1245 3403 1287 3486 in
1299 3397 1402 3508 ejus·

146 3519 266 3607 inodi
282 3519 412 3607 casum
422 3519 660 3616 incidimus,
686 3525 977 3614 cavendumest
1003 3521 1242 3636 diiigenter,
1274 3519 1403 3601 nedi-

146 3635 300 3722 stantiae
316 3635 367 3724 sic
381 3663 503 3724 erutae
519 3631 638 3723 fidem
655 3643 846 3744 majorem
859 3644 1107 3730 tribuamus,
1132 3665 1251 3746 quam
1264 3628 1402 3718 obser-

150 3756 360 3842 vationum
372 3753 567 3842 fadiarum
581 3779 720 3840 natura
732 3762 933 3872 patiatur.

209 3896 280 3974 κς.
310 3873 419 3961 Illud
433 3873 483 3957 ad
497 3897 722 3960 extremum
740 3877 961 3962 monendus
976 3875 1031 3962 est
1046 3871 1302 3964 Lectonfieri
1318 3899 1406 3958 om·
1427 3948 1454 3996 Μ
1490 3947 1499 4000 Ι
1579 3947 1589 4007 3

146 3987 247 4075 nino
258 3989 365 4104 posse
382 4015 453 4084 ‚ut
467 4018 751 4103 nonnunquam
761 3989 876 4080 locus
890 4022 986 4079 unus
999 3995 1042 4076 in
1056 3987 1306 4080 observando
1320 4019 1400 4104 pio
1425 3963 1635 4100 ,aidduffiiiif

148 4103 284 4194 altero
296 4131 482 4224 acceptus
510 4105 584 4202 sit,
611 4110 720 4216 cujus
734 4105 827 4195 fitus
841 4107 867 4192 si
882 4139 952 4224 per
970 4140 1055 4197 eain
1072 4105 1398 4196 observationem
1419 4115 1494 4156 Μ’·

149 4221 402 4338 investigatus
433 4223 585 4316 fiierit,
618 4255 668 4310 eo
681 4223 771 4340 ipso
785 4229 824 4312 iii
837 4227 992 4314 Tabula
1005 4225 1153 4314 vitiose
1177 4223 1402 4314 collocabi-

148 4357 245 4422 tur.
272 4345 471 4428 Caeterum
496 4339 685 4427 affirmaie
712 4371 797 4428 non
822 4348 1019 4436 verebor,
1056 4343 1201 4430 nullius
1217 4339 1404 4429 lociinsi·
1489 4355 1515 4368 ’“

147 4453 613 4565 gnioiisiituinhaiicob
630 4453 787 4546 causam
817 4461 982 4548 dubium
1009 4461 1082 4548 eise
1109 4461 1247 4577 posse,
1275 4489 1401 4572 neque

147 4567 284 4656 casum
299 4573 413 4659 iilum
428 4579 469 4659 in
484 4576 585 4663 lotis
610 4579 776 4665 minoris
799 4585 1024 4672 momenti,
1048 4580 1118 4667 nifi
1132 4579 1238 4668 forte
1252 4580 1294 4660 in
1308 4603 1407 4687 pau·

144 4689 333 4780 cissimis,
366 4689 500 4782 iocum
529 4694 691 4784 habere.
724 4701 1002 4784 Summtenim
1018 4699 1231 4812 diligentia
1254 4690 1408 4777 allabo-

145 4825 278 4896 ratuni
291 4811 377 4906 est,
406 4837 453 4901 ut
472 4841 593 4900 omne
605 4811 760 4902 errandi
776 4813 998 4928 periculum
1022 4875 1033 4912 ,
1055 4815 1166 4928 quod
1181 4811 1272 4896 inde
1289 4808 1404 5006 times·
1495 4813 1506 4824 “

745 4933 838 5018 Aa
1266 4930 1297 5011 ii
1315 4950 1371 5034 po
1390 4969 1406 4988 ·
