4178 5748
518 539 1047 630 secuunum.
1334 573 1413 662 ης

164 656 648 786 praecipnaconstituunt,
681 660 783 746 unde
797 661 942 774 gradus
955 665 1070 748 unius
1084 660 1300 752 Meridiani
1325 665 1416 754 lon-

162 785 304 901 gitudo
318 776 593 892 depromenda
607 778 685 862 esl.
720 773 936 889 Supersunt
967 776 1075 866 Bases
1089 783 1258 892 geminae
1288 788 1418 870 totius

162 906 349 990 nimirum
366 899 500 1010 operis
517 891 850 982 fundamentum.
880 925 1046 1010 quarum
1074 895 1143 980 illa
1156 899 1318 1010 quidem
1333 903 1422 990 Ari-

161 1013 340 1108 mineulls
356 1043 449 1100 cum
466 1009 675 1124 Trianguli
712 1015 929 1120 adjacentis
954 1011 1077 1120 latere
1091 1042 1174 1099 uno
1188 1019 1422 1106 immediate

162 1135 338 1226 conferri
352 1135 512 1246 potest3
543 1129 782 1216 alteravero
805 1133 1018 1224 Romana,
1047 1137 1423 1244 comaquintoeir·

159 1257 261 1349 citer
277 1283 302 1336 a
316 1247 436 1336 tholo
455 1255 508 1337 D.
527 1250 637 1359 Petri
654 1249 804 1362 Lapide
830 1251 994 1336 initium
1021 1251 1144 1336 ducat
1163 1309 1176 1344 ‚
1199 1250 1423 1368 Triangulo

163 1371 242 1461 alio
254 1365 437 1454 auxiliari
455 1396 556 1482 opus
570 1365 719 1456 habet,
748 1389 794 1454 ut
811 1365 913 1452 dieu
928 1367 1034 1459 tholi
1055 1370 1243 1458 avertice
1267 1373 1423 1461 Montis

161 1480 791 1600 Januariidistantiainnotescat.
820 1484 958 1598 Itaque
973 1507 1111 1574 totum
1125 1515 1225 1600 opus
1236 1489 1423 1575 undecim

162 1599 389 1717 Triangulir
404 1595 657 1692 absolvitur,
677 1631 850 1716 quorum
863 1607 976 1694 odio,
993 1606 1056 1695 uti
1072 1604 1226 1691 didlurn
1238 1604 1295 1694 est
1309 1665 1322 1698 2
1335 1608 1423 1693 Me·

160 1722 310 1807 ridiani
325 1715 541 1806 mensuram
558 1724 760 1835 praecipue
774 1716 1015 1833 respiciunt,
1029 1722 1110 1808 tria
1124 1727 1256 1809 autem
1271 1717 1426 1834 reliqua

162 1838 213 1924 ad
227 1836 349 1956 primi
368 1833 430 1920 vel
457 1839 629 1924 extremi
659 1837 795 1924 lateris
820 1837 1146 1952 longitudinem,
1172 1837 1421 1948 exquareli-

160 1982 241 2066 qua
295 1950 465 2046 endent,
494 1951 843 2042 determinandam
876 1952 1087 2040 necessaria
1109 1951 1222 2046 sunt.
1250 1954 1326 2046 Sed
1339 1956 1434 2066 jana.

162 1981 352 2161 monstrat
367 2068 485 2184 ipfius
499 2072 608 2158 ratio
626 2071 746 2162 nobis
759 2066 1021 2160 describenda
1032 2071 1113 2164 est.

314 2275 1204 2416 'nnr1outus1u

468 2542 527 2624 De
554 2541 655 2651 Bafis
683 2543 880 2656 utriusque
908 2545 1116 2660 Mensura.

163 2797 230 2886 ις,
259 2775 336 2962 Β
356 2767 440 2864 Ans
452 2804 526 2868 ea,
554 2805 672 2892 quam
689 2774 794 2864 haud
809 2779 954 2889 procul
969 2779 1080 2870 Urbe
1093 2784 1280 2868 Romana
1298 2774 1424 2860 dime·
1437 2802 1632 2862 nannenus.

371 2895 551 2980 tiendum
585 2889 919 3008 susceperamus,
966 2918 1060 2985 ante
1099 2925 1223 2984 annos
1263 2893 1426 3004 aliquot

156 3013 264 3100 haud
283 3007 422 3128 paullo
438 3013 701 3104 commodior
724 3007 881 3104 fuisset,
912 3037 1061 3128 utpote
1074 3006 1347 3126 quaminipsa
1360 3008 1424 3090 via

153 3135 297 3242 Appia
314 3132 477 3240 antiqua
490 3130 530 3208 in
548 3127 748 3216 dired'tum
770 3155 842 3238 per
872 3127 1140 3240 longissimum
1168 3123 1425 3214 intervallum

155 3251 355 3361 porredla
372 3240 664 3352 selegeramus.
695 3239 770 3327 Sed
786 3246 977 3352 quoniam
992 3271 1074 3331 non
1090 3248 1150 3332 ita
1174 3243 1331 3358 pridem
1359 3241 1425 3329 via

106 3385 107 3389 ‘
151 3358 353 3477 publica,
380 3379 428 3442 ut
446 3355 554 3444 idem
568 3353 815 3468 elsetmagna
828 3387 878 3447 ex
893 3385 1006 3470 parte
1021 3361 1100 3450 iter
1126 3362 1204 3448 siue
1230 3389 1301 3475 per
1327 3390 1423 3474 por-

155 3501 241 3564 tam
258 3472 606 3564 Coelimontauam
625 3468 797 3678 simper
821 3479 1027 3593 Capenam
1054 3481 1188 3566 Roma
1215 3477 1420 3566 Albanum

211 3594 393 3698 tentibus
410 3585 487 3680 ‚ad
500 3587 641 3677 levam
653 3587 704 3676 de
736 3616 901 3685 exerat,
919 3593 1011 3684 hinc
1031 3589 1181 3684 laetum
1193 3597 1273 3683 est,
1291 3615 1338 3678 ut
1350 3621 1423 3707 per

155 3625 249 3799 selca
276 3707 479 3824 segetibus
503 3702 657 3792 consita
681 3704 863 3799 mensura
890 3713 1050 3804 nostra,
1076 3709 1250 3798 nonsme
1279 3740 1422 3824 magna

156 3824 399 3920 difficultate
415 3821 692 3909 continuanda
708 3821 831 3918 esset,
859 3826 993 3918 multo
1008 3831 1251 3948 impeditior
1261 3823 1394 3914 futura
1408 3889 1422 3929 ‚

165 3943 376 4034 fieandem
405 3940 555 4032 adultis
564 3944 645 4048 jam
659 3937 782 4030 strme
797 3947 968 4036 culmis,
995 3946 1267 4040 iterassemus.‚
1297 3970 1420 4062 atque

159 4061 287 4152 adeas
312 4093 408 4177 quar
435 4062 517 4167 jam
544 4081 632 4146 tum
657 4063 985 4175 expetebamur,
1015 4059 1297 4158 difficultates,
1327 4063 1421 4152 alias

148 4209 282 4268 *novar
297 4175 623 4288 adjunxissemus.
657 4181 785 4270 Satius
805 4183 930 4291 igitur
954 4181 1186 4275 habuimus,
1212 4187 1422 4300 postquam

165 4301 314 4386 ostona
333 4295 510 4410 passuum
526 4294 656 4384 millia
670 4294 743 4381 hac
762 4301 918 4387 ratione
931 4297 1093 4388 dimenfi
1105 4299 1292 4392 essemus,
1320 4297 1422 4386 alte·

165 4441 251 4498 ram
266 4411 386 4500 Basim
399 4414 574 4530 deligere
593 4475 602 4505 ‚
621 4416 781 4526 quoties
804 4415 1073 4513 collibuisset,
1096 4418 1148 4502 ad
1161 4424 1330 4506 examen
1356 4449 1419 4504 re-

164 4535 415 4626 vocandam,
442 4561 560 4647 quam
590 4532 640 4625 ad
666 4531 794 4625 hanc,
816 4527 928 4648 quod
942 4527 1028 4622 fieri
1044 4539 1113 4622 vix
1128 4537 1235 4652 posse
1262 4530 1424 4650 prospi-

163 4648 525 4747 ciebamus,iterum
538 4647 825 4742 dimetiendam
841 4681 913 4742 nos
925 4660 1159 4770 accingere.
1170 4655 1275 4738 Illud
1288 4671 1422 4734 autem

163 4769 528 4860 commodisfimum
554 4770 733 4860 accidit,
764 4768 875 4886 quod
900 4773 1196 4886 inquirentibus
1222 4769 1341 4966 nobip
1373 4795 1421 4854 ae

719 4905 721 4908 ·
1344 4911 1420 4972 oca
