4256 5730
644 561 702 666 36
992 557 1558 646 OPUSCULUM

399 705 497 778 rrum
514 713 563 766 aa.
582 721 630 783 ,ω
707 699 776 784 73.
835 673 887 758 Et
913 673 1049 788 primo
1076 676 1267 790 quidem,
1298 674 1408 790 quod
1432 680 1611 790 pertinet
1641 676 1689 762 ad
1705 675 1919 767 dimenfio·

390 785 472 918 aar}
495 787 630 918 herard?
646 813 739 876 nem
754 781 851 876 bafia
869 847 882 882 ‚
915 790 1051 904 tigilla
1064 791 1135 877 illa
1151 850 1164 885 ‚
1179 855 1184 864 .
1199 821 1288 905 quae
1300 787 1386 876 usui
1399 791 1475 876 effe
1488 793 1719 888 debebant,
1748 794 1917 886 libella,

398 883 632 1005 fflfflffij
646 907 856 1022 tripodes,
888 937 934 995 ac
951 908 1029 994 alia
1044 906 1268 1017 ejusmodi,
1300 906 1405 1023 fiqua
1430 904 1519 996 sunt
1538 967 1550 1002 ‚
1582 909 1802 998 admodum
1818 911 1913 998 faci·

399 1023 551 1084 wall·
646 1017 684 1107 le
712 1027 776 1110 hic
805 1029 927 1116 etiam
955 1031 1233 1144 parabantur.
1281 1031 1340 1110 At
1368 1049 1626 1119 accuratam,
1654 1033 1699 1114 dc
1725 1051 1912 1116 certanm

647 1147 760 1229 unius
776 1145 988 1260 hexapedae
1015 1141 1235 1232 mensuram
1251 1201 1275 1237 ‚,
1294 1141 1365 1228 nist
1382 1171 1432 1232 ex
1448 1142 1579 1231 Gallia
1607 1143 1916 1234 adveheremue.

645 1259 788 1348 babere
805 1263 981 1349 omnino'
1002 1291 1086 1348 non
1105 1264 1279 1348 licebat.
1313 1267 1455 1376 Neque
1468 1263 1578 1346 enirn
1605 1261 1701 1348 satir
1722 1263 1842 1348 estex
1867 1265 1918 1348 iis

645 1377 942 1474 instrumentis,
974 1382 1118 1494 quibus
1136 1373 1352 1466 Parisrenfis
1371 1409 1441 1496 pes
1464 1376 1684 1496 insculptus
1699 1375 1774 1463 else
1789 1375 1918 1474 solet,

648 1488 714 1580 sex
731 1497 879 1612 pedum
908 1492 1130 1586 mensuram
1156 1499 1449 1593 determinare,
1476 1523 1564 1612 quae
1576 1496 1790 1612 hexapedae
1806 1491 1919 1581 usum

647 1613 838 1726 expleat.
872 1613 1021 1701 Namfi
1039 1617 1082 1698 in
1108 1643 1190 1700 uno
1208 1613 1310 1730 pede
1341 1612 1582 1702 admittatur
1610 1645 1724 1701 error
1753 1613 1918 1702 decimae

646 1733 776 1846 partis
789 1733 904 1818 unius
918 1733 1060 1825 lineae,
1080 1761 1168 1848 quae
1180 1733 1222 1814 in
1236 1759 1282 1816 ea
1293 1731 1349 1819 est
1362 1730 1526 1848 pollicis
1541 1761 1633 1849 pars
1645 1732 1914 1824 duodecima,

646 1849 761 1960 pedis
778 1847 991 1935 centeslma
1017 1845 1316 1964 quadragefima
1338 1873 1509 1964 quarta,
1533 1853 1603 1962 qui
1616 1849 1782 1964 quidem
1806 1875 1920 1936 error

648 1967 711 2050 ita
736 1967 997 2082 exiguusest‚
1029 1991 1112 2054 uta
1134 1969 1414 2053 communibus
1438 1965 1660 2053 artificibus
1685 1965 1818 2052 multo
1833 1993 1919 2050 ma-

648 2079 713 2186 ior
727 2096 863 2179 timeri
876 2090 1010 2208 polilt,
1026 2094 1067 2178 in
1081 2122 1163 2177 uno
1177 2093 1280 2207 pede
1297 2090 1582 2176 committetur
1596 2121 1708 2180 error
1729 2091 1792 2218 ἐς»,
1806 2089 1920 2203 pedis

647 2219 794 2336 ipsius»
824 2211 1003 2327 adeoque
1022 2219 1065 2300 in
1082 2219 1212 2304 totius
1228 2214 1406 2302 mensura
1419 2217 1565 2328 gradus
1582 2273 1594 2308 ‚
1610 2247 1698 2330 quae
1727 2221 1783 2304 est
1798 2219 1918 2303 hexa-

647 2339 841 2453 pedarum
866 2353 1005 2436 5700'0
1032 2337 1223 2425 circiter,
1254 2334 1581 2422 committeretur
1608 2365 1722 2423 error
1749 2335 1921 2450 hexape·

649 2458 792 2542 darum
806 2453 990 2565 proxime
1003 2482 1060 2554 40
1076 2509 1089 2544 ‚
1107 2453 1289 2538 immanis
1306 2449 1396 2537 sane
1414 2519 1423 2539 .

404 2649 474 2700 „m
496 2641 545 2698 ὼ
563 2659 635 2698 Μ,
707 2601 778 2676 74.
842 2571 948 2656 ilinc
973 2599 1052 2686 ego
1078 2568 1243 2686 quidem
1270 2568 1321 2654 ad
1347 2571 1591 2655 Mairanium
1612 2571 1921 2660 celeberrimum

403 2725 458 2777 aa
478 2661 585 2794 ”pam
619 2696 811 2784 anirum,
842 2715 962 2801 quem
976 2687 1061 2804 ipsa
1075 2690 1172 2774 mihi
1186 2685 1402 2774 Parisrenfis
1417 2689 1636 2774 Academia
1653 2689 1920 2778 destinaverat

404 2797 635 2933 {ffsst'e‘g'jffffi
650 2835 741 2896 ante
758 2807 917 2921 aliquot
931 2833 1074 2898 aanor,
1090 2835 1183 2892 curn
1195 2832 1258 2888 me
1270 2798 1341 2892 srbi
1354 2831 1434 2920 pro
1449 2805 1653 2892 litterario
1668 2810 1920 2893 commercio

404 2959 445 3011 aa
456 2955 616 3012 amittere.
648 2923 883 3043 (appellant
896 2923 1259 3035 Corresportdentem)
1294 2920 1530 3028 adjunxisset
1546 2981 1556 3013 ‚
1575 2923 1731 3011 litteras
1743 2924 1836 3010 dedi
1851 2982 1862 3015 ‚
1879 2927 1920 3011 in

646 3050 791 3161 quibus
824 3035 1277 3156 fignificatoPontificia
1308 3037 1505 3134 consilio,
1532 3046 1726 3156 rogabam
1752 3071 1921 3158 magno·

598 3169 602 3176 ’
646 3193 741 3282 pere
758 3221 769 3255 ‚
804 3185 849 3245 ut
865 3157 1034 3246 ferream
1051 3157 1232 3272 regulam
1246 3184 1339 3242 cum
1354 3155 1477 3243 incisa
1493 3183 1680 3245 accurate
1692 3159 1917 3274 hexapeda‚

647 3280 782 3397 parari
812 3297 973 3378 curaret
997 3278 1048 3358 ab
1077 3296 1248 3388 experto
1279 3275 1466 3364 artifice,
1497 3303 1616 3390 quam
1637 3278 1675 3360 in
1690 3273 1768 3362 basr
1795 3277 1923 3361 dime-

649 3393 786 3482 tienda
814 3391 1066 3477 adhiberem.
1101 3390 1188 3506 Ipse
1215 3415 1351 3475 autem
1382 3397 1564 3479 Srrvrus
1595 3391 1924 3498 Cardinalist

651 3537 873 3600 renatus,
907 3510 1297 3626 cujuspatrocinio‚
1331 3530 1722 3622 atquecuraetotum
1752 3508 1923 3622 expedi·

648 3631 774 3715 tionis
802 3625 944 3713 nostrae
971 3627 1160 3714 debemus
1189 3622 1401 3711 saccellum
1429 3684 1440 3718 2
1471 3623 1692 3715 Pontificio
1716 3621 1921 3715 Parisrenfi

646 3749 845 3834 nuncio,
876 3773 1032 3831 cumea
1057 3775 1118 3830 res
1145 3742 1194 3828 ad
1212 3767 1407 3831 accuratae
1422 3743 1610 3832 mensurae
1639 3749 1783 3861 gradus
1799 3747 1921 3830 certi·

650 3866 828 3950 tudinem
842 3867 1016 3952 maxime
1031 3863 1282 3981 pertineret,
1306 3866 1520 3977 negocium
1539 3865 1648 3951 idem
1662 3865 1921 3950 commenda·

649 4003 786 4074 verat,
818 3980 1156 4098 quemadmodum
1171 3982 1215 4072 dt
1230 3977 1332 4064 illud
1350 4035 1362 4071 ,
1392 4005 1437 4066 ut
1451 4007 1604 4095 quanto
1621 3983 1815 4070 maturius
1833 3975 1921 4062 fieri

650 4097 806 4214 pollet,
838 4099 1077 4186 aMairanio
1092 4123 1255 4212 recepta
1272 4099 1448 4183 Romam
1466 4099 1829 4187 transmitteretur.

423 4269 493 4320 Q„
513 4259 637 4322 mama
711 4243 782 4322 75.
834 4221 885 4302 Et
895 4216 1059 4330 quidem
1070 4216 1289 4302 Mairanius
1303 4211 1388 4328 ipse
1402 4221 1443 4300 in
1457 4247 1588 4305 veram
1605 4211 1816 4331 hexapedae
1832 4211 1925 4296 lon·

405 4359 455 4418 no
486 4344 637 4416 ,inanit
652 4335 879 4452 girudinem
894 4334 1236 4421 Academicorum
1265 4334 1445 4421 omnium
1462 4333 1758 4450 diligentiffime
1789 4331 1925 4445 inqui-

404 4424 638 4564 ἷῗῗᾷῃᾚη.
653 4451 824 4547 fiverat‚
856 4482 902 4539 ac
925 4451 976 4539 ad
995 4452 1205 4558 illum‘cjus
1226 4449 1468 4545 modulum,
1495 4481 1613 4566 quem
1642 4449 1751 4570 apud
1768 4445 1805 4534 se
1824 4449 1925 4533 reti·

405 4573 460 4632 aa.
653 4597 825 4671 ruerat,
842 4595 1012 4685 utraque
1027 4564 1366 4658 Academicorum
1378 4591 1512 4657 turma
1524 4562 1811 4686 Lapponiensrs
1829 4622 1841 4657 ‚
1861 4585 1923 4648 at-

645 4723 730 4808 que
750 4693 990 4778 Americana
1016 4685 1123 4774 suam
1151 4709 1340 4802 exegerat
1370 4685 1585 4803 hexapedae
1617 4685 1753 4775 secum
1780 4679 1923 4771 delatae

653 4805 913 4900 mensurama
928 4806 1164 4926 peritiffimo
1178 4802 1351 4896 Artifiee
1369 4801 1605 4923 Langloifio·
1626 4805 1759 4900 ferrea
1777 4796 1925 4918 regulae

1825 4947 1927 5010 con·
