4256 5730
674 559 804 670 m²
1015 564 1578 652 opuscunum

492 713 660 772 neaman
731 712 802 784 47.
850 681 956 766 Hinc
969 706 1083 763 mons
1095 681 1275 793 quipiam
1288 679 1384 767 loco
1398 678 1692 773 observationis
1705 693 1932 800 proximuu

344 795 346 800 ⁴
432 793 659 932 lffimnms‘fff
672 807 783 910 cujus
800 803 909 885 attio
931 793 1169 908 aequivaleat
1187 800 1338 881 actioni
1355 796 1513 910 sphaerae
1541 802 1724 888 habentis
1749 831 1932 922 quartam

429 888 850 1025 leelinf‘m'milliarii
861 937 1019 1030 partem
1034 967 1046 1000 ‚
1063 907 1138 996 srve
1155 910 1280 1026 pallus
1294 937 1380 1015 250
1395 942 1470 1026 pro
1488 913 1811 1012 semidiametro,
1831 955 1932 1040 pen-

662 1039 803 1126 'dulum
817 1032 1065 1117 instrumenti
1078 1030 1334 1116 astronomici
1354 1091 1365 1124 ,
1397 1035 1508 1138 cujus
1522 1063 1601 1146 ope
1620 1037 1928 1142 determinamus

664 1154 888 1244 distantiam
914 1143 1457 1236 fiderumanostrozenith‚
1489 1181 1664 1235 errorem
1693 1157 1855 1242 inducet
1870 1155 1928 1244 se·

664 1273 889 1359 cundorum
925 1266 1086 1378 15‚·qui
1113 1263 1141 1347 sr
1168 1267 1210 1348 in
1236 1267 1338 1350 binis
1377 1271 1564 1352 extremis
1593 1275 1752 1380 punctis
1779 1261 1931 1385 gradui

663 1396 779 1478 unius
793 1391 835 1470 in
854 1407 986 1502 partes
1001 1386 1224 1466 contrarias
1241 1405 1361 1496 agat,
1394 1411 1569 1468 errorem
1587 1386 1752 1474 inducet
1764 1391 1924 1476 dimidii

662 1508 838 1594 minuti,
870 1498 945 1587 five
967 1499 1260 1612 hexapedarum
1284 1497 1363 1584 sere
1377 1503 1685 1614 quingentarum
1701 1561 1712 1594 ,
1727 1531 1923 1618 quantum

662 1623 744 1711 sere
774 1623 828 1708 est
857 1643 993 1704 totum
1019 1615 1233 1702 discrimen
1259 1617 1451 1729 graduum
1478 1617 1806 1707 observatorum.
1840 1628 1921 1711 Ubi

663 1767 798 1828 autem
825 1736 959 1854 plures
981 1729 1092 1818 fimnl
1118 1732 1432 1828 determinantur
1457 1735 1626 1849 gradus,
1658 1767 1708 1820 eo
1728 1769 1861 1825 errore
1877 1745 1920 1826 in

661 1856 835 1974 singulos
865 1854 1111 1940 distributo,
1143 1857 1321 1936 minuta
1350 1879 1446 1938 vero
1476 1853 1621 1938 dillant
1647 1850 1820 1968 singuli,
1852 1857 1918 1946 sed

656 1977 784 2062 adhuc
817 1973 963 2059 distant
978 1965 1111 2054 multo
1137 1965 1224 2050 sane
1244 1971 1396 2082 magis,
1426 1997 1548 2081 quam
1561 1996 1660 2082 opus
1685 1967 1732 2055 fit
1748 1974 1796 2056 ad
1823 2003 1917 2086 per-

654 2094 891 2179 turbandam
904 2110 1058 2173 certam
1084 2083 1281 2198 quandam
1307 2083 1464 2200 legem,
1492 2113 1571 2197 qua
1588 2086 1781 2200 graduum
1807 2119 1918 2174 men-

653 2207 994 2295 suraemutentur.
1104 2229 1107 2236 ’

447 2340 642 2408 kenulfum
711 2343 780 2429 48.
842 2333 972 2414 Porro
987 2347 1180 2420 montes,
1210 2328 1281 2442 qui
1295 2324 1427 2412 multo
1445 2328 1588 2433 majori
1602 2325 1729 2413 adhuc
1756 2327 1913 2442 globo,

412 2417 542 2485 proximas
554 2421 638 2493 super·

411 2491 484 2544 nm
505 2497 639 2558 emh&
653 2475 770 2561 quam
782 2444 843 2529 llli
861 2439 1039 2558 passuum
1055 2467 1155 2542 250,
1173 2445 1451 2556 magnitudine
1469 2442 1913 2557 aequivaleant,pasl1m

409 2571 641 2649 praetemunt.
653 2587 873 2652 occurrunt
891 2566 930 2645 in
947 2557 1153 2674 superficie
1166 2559 1363 2651 Telluris,
1395 2559 1519 2675 quisr
1536 2566 1643 2648 intra
1669 2559 1736 2646 sua
1762 2557 1911 2648 viscera
2040 2666 2046 2679 ι

651 2683 768 2769 vacui
782 2708 865 2766 non
878 2678 980 2766 fine,
1010 2677 1122 2791 quod
1135 2681 1291 2792 ingenti
1306 2676 1367 2762 illi
1384 2681 1560 2764 Peruviae
1574 2684 1703 2764 monti
1718 2678 1910 2766 Chimbo·

648 2827 746 2884 raco
762 2795 917 2883 sortasse
938 2795 1114 2886 accidit,
1147 2800 1258 2903 qu'us
1277 2798 1359 2882 vim
1377 2791 1528 2908 septem
1547 2798 1831 2883 tantummodo
1853 2793 1874 2879 s
1892 2845 1911 2864 ·

647 2917 872 3002 cundorum
901 2915 1153 3000 minutorum
1176 2914 1449 3006 deviationem
1478 2916 1791 3024 parereinvenit
1818 2945 1910 3002 cum

647 3035 919 3118 Condaminin
945 3032 1220 3146 Bouguerius,
1253 3025 1403 3113 sedita
1429 3032 1659 3142 composti,
1694 3056 1739 3116 ut
1764 3034 1906 3120 mediae

647 3149 831 3234 densrtati
846 3147 1017 3234 Telluris
1031 3145 1318 3262 equitabant,
1351 3177 1502 3234 errores
1516 3145 1609 3238 illos
1623 3150 1662 3229 in
1694 3172 1905 3234 entesom-

645 3270 742 3351 nino
757 3269 915 3380 parient
931 3328 939 3347 .
955 3265 1082 3382 Quod
1099 3291 1234 3348 autem
1252 3288 1423 3356 montes,
1438 3265 1507 3374 qui
1525 3262 1640 3376 supra
1656 3180 1904 3378 superficiem

641 3385 901 3493 promi-nent,
934 3379 1114 3494 praestare
1129 3377 1315 3508 poliunt,
1347 3381 1455 3464 idem
1472 3385 1654 3492 praestare
1671 3386 1792 3469 debet
1803 3383 1905 3468 mul·
1923 3397 1926 3404 '

640 3522 689 3584 to
701 3493 856 3582 densior
871 3495 975 3582 insra
1001 3491 1252 3608 superficiem
1264 3495 1398 3580 Terrae
1414 3501 1592 3584 materiae
1603 3528 1655 3586 ex
1669 3496 1791 3583 altera
1808 3527 1902 3612 par-

637 3639 706 3706 te,
737 3645 857 3729 quarn
879 3643 928 3702 ex
951 3612 1110 3700 altera,
1144 3613 1251 3696 idem
1269 3615 1310 3694 in
1329 3606 1484 3728 partem
1501 3609 1730 3730 oppofitam
1756 3645 1899 3704 vacuus

636 3728 778 3846 aliquis
792 3736 927 3847 ingens
941 3733 1102 3822 hiatus,
1131 3743 1217 3844 quo
1246 3729 1435 3822 exaltera
1447 3754 1561 3844 parte
1587 3734 1755 3818 materia
1770 3730 1895 3824 defit,

636 3850 896 3968 quiquidem
926 3881 1079 3935 errores
1110 3853 1346 3934 minuuntur
1375 3847 1541 3934 stTerra
1569 3851 1611 3932 in
1641 3848 1828 3938 descensu
1849 3847 1898 3935 ad

635 3992 821 4052 centrum
835 3966 968 4052 multo
982 3963 1138 4052 densior
1154 3963 1231 4060 stt,
1261 3995 1382 4079 quam
1395 3965 1457 4048 hic
1477 3966 1583 4080 apud
1594 3995 1697 4057 nor,
1729 3964 1798 4054 sed
1812 3997 1899 4051 cre·

633 4079 846 4170 seitetiam
866 4143 877 4176 ,
907 4080 1092 4168 ficontra
1106 4080 1152 4167 fit
1165 4087 1323 4172 rarior,
1354 4085 1398 4168 ὅ(
1413 4083 1544 4174 multo
1559 4088 1683 4198 magis
1697 4107 1892 4196 augetur,

633 4193 661 4280 sr
685 4230 732 4284 ea
760 4229 842 4286 non
866 4199 1014 4284 solidus
1028 4200 1193 4313 quidam
1206 4201 1259 4292 est
1277 4199 1447 4312 globus,
1480 4197 1687 4292 sederusta
1711 4197 1893 4314 quaedam

619 4341 797 4403 uacuum
810 4319 956 4402 habens
969 4319 1011 4399 in
1027 4319 1163 4402 medio
1179 4322 1389 4404 immanem
1402 4323 1573 4410 aradium
1589 4383 1597 4401 .

428 4448 621 4544 tirannum
687 4463 758 4540 49,
819 4436 905 4542 Jam
929 4467 1030 4527 vero
1053 4465 1145 4522 cum
1173 4460 1284 4523 tauta
1309 4433 1356 4520 stt
1385 4433 1632 4547 inaequalitas
1661 4437 1702 4516 in
1719 4431 1891 4523 sttuma·

383 4543 435 4658 22¹}
447 4529 740 4684 ‘2³¹33ss12222teriae
767 4549 884 4665 supra
911 4551 1161 4666 superficiem
1175 4556 1308 4640 Terrae
1331 4555 1533 4646 errantis,
1566 4582 1660 4640 cum
1691 4555 1886 4642 tantulum

329 4675 335 4688 '
382 4673 481 4741 uisu·
632 4667 845 4762 discrimen
861 4671 1025 4754 inducat
1053 4675 1345 4760 aberrationem
1359 4667 1525 4786 penduli
1547 4673 1885 4773 tamimmanemt

1801 4817 1889 4907 quta
