4256 5730
561 583 1122 670 P··'R'1·M··1J·M:2
1229 543 1268 576 “’
1412 610 1469 692 4,

210 727 278 788 re:
307 701 361 784 Ea
392 693 498 808 saepo
514 698 646 780 ‘etiam
671 697 857 828 piuribus
875 695 963 784 aliis
983 703 1022 783 in
1048 697 1354 817 locisetuigtta
1382 704 1474 821 post

209 818 385 906 nostrum
414 809 618 898 discessum
644 815 733 928 ipsis
746 815 871 900 etiam
884 817 1122 930 quandoque
1150 821 1322 928 tuguriis
1337 819 1475 934 prost-

208 963 290 1052 gno
308 933 453 1018 erectis
476 926 734 1041 erit'iosuit,
766 934 826 1022 uti
843 954 928 1020 turn
955 936 1116 1045 quidem
1131 931 1260 1026 illud,
1293 935 1406 1050 quod
1435 939 1478 1034 in

206 1045 493 1138 interamnensi
507 1069 649 1136 monte
668 1055 847 1136 erectum
861 1045 1019 1141 fuerat,
1046 1052 1175 1137 biduo
1188 1053 1303 1164 post,
1332 1063 1415 1138 nori
1430 1045 1478 1138 srss

206 1173 256 1255 n'e
270 1167 534 1254 Rusticorurn
548 1193 627 1278 opt
643 1193 724 1254 non
740 1164 869 1252 solum
884 1167 1090 1259 concidit,
1108 1164 1175 1252 sed
1192 1171 1235 1252 ὅ(
1247 1169 1479 1257 distractum
1546 1273 1549 1280 1

205 1288 291 1376 cst,
325 1311 370 1370 ac
399 1287 548 1370 iterum
575 1307 830 1398 reparatum,
862 1287 1043 1372 concidit
1075 1289 1255 1374 iterum.
1289 1285 1383 1370 Alia
1408 1289 1480 1372 iti-

204 1405 297 1490 dem
309 1401 442 1486 clades
459 1399 601 1486 crectis
616 1399 729 1486 semel
747 1403 915 1514 tuguriis
929 1399 1156 1507 ejusmodi,
1187 1428 1233 1485 ac
1247 1401 1362 1519 fignis
1388 1432 1478 1518 per·

205 1523 355 1606 niciem
369 1515 469 1632 saepe
485 1513 654 1613 attulit,
677 1518 936 1606 Rusticorum
955 1576 965 1612 ,
984 1521 1267 1631 pastorumque
1282 1523 1478 1611 aviditas,

204 1643 278 1752 qui
292 1657 340 1722 ut
361 1634 494 1726 clauos
519 1631 668 1721 ferreos
683 1660 894 1728 eruerent,
924 1633 1237 1750 proscindebant
1262 1636 1478 1750 aliquando

206 1783 345 1841 ramos
359 1745 491 1865 ipsos,
522 1755 567 1836 dt
585 1751 736 1837 molem
761 1749 901 1837 furtim
928 1755 1189 1846 evertebant,
1222 1783 1340 1868 quom
1358 1754 1480 1843 licen·

209 1876 310 1956 tiam
329 1897 434 1982 aegre
457 1867 622 1982 publica
650 1871 896 1960 auctoritas,
929 1872 973 1954 dc
1000 1865 1308 1982 gravissimarum
1335 1899 1479 1984 poena·

204 2015 298 2075 rum
313 1987 458 2075 mina,
491 1986 796 2095 publicis-enim
825 1982 971 2074 litteris
999 1979 1217 2070 Pontificio
1236 1989 1478 2072 auctoritate

205 2101 815 2214 conscriptis*Gubernatoribut
846 2102 1031 2188 omnibus
1062 2102 1287 2210 injunctum
1317 2100 1477 2198 suerat,

206 2248 256 2307 ut
270 2221 416 2311 nobis,
449 2222 494 2304 ὅ(
511 2217 651 2320 nostrae
666 2217 920 2330 expeditioni
934 2242 1129 2332 quantum
1144 2215 1232 2304 fieri
1248 2217 1379 2333 posset
1396 2271 1409 2312 ,
1426 2217 1479 2306 sa·

206 2360 349 2424 vetent
365 2394 376 2426 ‚
394 2335 546 2420 mederi
562 2332 721 2420 demum
738 2355 976 2447 potuerunt,
990 2362 1077 2446 quac
1090 2333 1255 2446 quidem
1268 2335 1411 2434 nostrae
1425 2342 1482 2420 in·

202 2453 440 2540 columitati
459 2447 802 2564 opportunissime
817 2449 996 2538 satisnos
1014 2447 1120 2566 ipsos
1148 2453 1320 2565 ubique.
1352 2457 1478 2568 magi-

101 2561 106 2574 ’
202 2567 850 2660 stratibusetiamadnitentibus,
884 2566 1183 2684 tutataesunt.,
1272 2575 1278 2595 '
1464 2665 1467 2670 ,

202 2729 207 2744 ·
267 2719 336 2795 90.
398 2691 545 2776 Verum
562 2711 635 2768 nec
651 2684 951 2772 Interamnenfis
978 2684 1085 2770 illius
1110 2689 1292 2782 montis,
1324 2716 1399 2774 nec
1414 2718 1474 2774 ar.-
1535 2723 1716 2784 naccum„

202 2807 320 2890 boris
336 2807 377 2886 in
388 2804 489 2915 jugo
504 2803 700 2884 Amerino
715 2799 865 2887 ,aliene
882 2861 894 2892 ,
923 2831 1043 2915 quam
1058 2803 1211 2894 Rustici
1227 2800 1369 2915 paullo
1383 2805 1473 2918 post
1486 2803 1563 2934 ¹²³¹¹23
1591 2801 1715 2934 ¹¹²31505·

197 2923 385 3006 nostrum
410 2914 645 3008 discessum,
678 2919 970 3031 necquidquam
990 2918 1178 3009 inhibiti,
1210 2881 1717 3012 exciderant,ifiinfniibidl

197 3033 417 3122 usumsore
430 3032 555 3126 ulium
571 3035 705 3118 statim
718 3036 867 3146 patuit,
879 3062 970 3118 cum
982 3036 1031 3118 ad
1044 3031 1272 3119 Pcrufinum
1287 3057 1469 3120 montem
1485 3037 1716 3134 ‘'⁶“1‘,¹‘⁰⁰·‘¹¹'⁰

196 3155 426 3240 deventum
442 3150 520 3232 est.
540 3149 639 3230 inde
654 3152 760 3248 enim
776 3175 1024 3261 ,quanquam
1045 3171 1098 3250 ςο
1117 3146 1279 3232 circiter
1291 3147 1469 3262 passuum
1485 3119 1622 3251 {2323ss
1640 3147 1666 3247 '.
1681 3134 1713 3169 ⁸‘

198 3265 389 3356 millibus
405 3265 562 3352 distans,
574 3259 813 3353 Sor'ttnmsrs
827 3291 940 3348 mons
954 3261 1054 3350 sudo
1066 3261 1271 3350 ocio-satis
1285 3265 1470 3354 distincte

199 3379 559 3496 conspiciebatur,
592 3407 637 3462 tc
664 3379 761 3467 osius
783 3375 823 3474 se
834 3379 1031 3471 'offerebat
1056 3377 1241 3494 Spoletio
1255 3411 1338 3466 non
1365 3383 1470 3468 mul-5

201 3528 294 3588 tum
321 3499 463 3585 distans
488 3495 620 3583 editus
648 3525 787 3590 mont,
819 3499 889 3610 qui
915 3499 1080 3614 quidem
1098 3495 1190 3582 inde
1217 3501 1467 3592 acuminatus

198 3620 326 3703 etiam
347 3615 596 3730 apparebat,
629 3645 679 3700 co
704 3633 838 3700 autem
857 3610 932 3702 satu
948 3637 1033 3702 erat
1060 3611 1240 3728 pofitus,
1270 3639 1317 3698 ut
1334 3617 1467 3700 timeri

201 3738 374 3819 omnino
400 3759 484 3818 non
509 3730 668 3843 posset,
700 3732 870 3824 netinde
895 3733 940 3818 dt
961 3729 1197 3816 Sotionenfia
1222 3735 1404 3818 Ciminus
1421 3738 1467 3820 δε

199 3841 532 3938 Palumbariensrs
558 3849 761 3960 Januar'ius
786 3848 916 3934 videri
939 3847 1099 3964 -poffet,
1117 3870 1176 3934 ut
1202 3849 1360 3946 idcirco
1375 3879 1467 3936 cum

205 3967 346 4054 iisdem
370 3971 537 4056 tertium
560 3967 785 4081 compleret
813 3963 1085 4082 triangulum,
1116 3989 1303 4078 quartum
1332 3991 1467 4054 autem

204 4085 409 4172 Perusinus
431 4087 463 4170 is
486 4113 579 4169 cum
594 4103 674 4176 eo,
705 4089 750 4172 ὃ(
774 4080 1106 4178 cumSotianenfi
1133 4087 1359 4193 praeberet,
1391 4087 1466 4166 itt,

201 4201 551 4315 quosrarboribus
577 4201 664 4286 aliis
683 4200 849 4294 excisis,
881 4201 969 4287 aliis
987 4197 1150 4300 decuffis
1175 4197 1388 4290 nonnihil,
1420 4203 1467 4286 dc

207 4325 356 4408 vertice
368 4319 574 4408 mulctatis
587 4320 873 4409 tantummodo
889 4318 1123 4434 prospectus
1139 4319 1387 4428 aperiretur,
1405 4321 1467 4400 in·
1576 4365 1580 4378 ·

199 4441 323 4550 -genti
338 4433 422 4532 sane
432 4437 682 4550 compendio
697 4435 990 4550 triangulorum
1017 4463 1224 4534 numerum
1237 4437 1360 4520 minui
1376 4429 1469 4548 pos·
1550 4487 1556 4490 -

203 4551 246 4639 se
262 4554 520 4642 videbamus..
547 4562 635 4642 Nec
648 4555 860 4657 ,rer'oaliur
876 4553 926 4640 ad
939 4550 1049 4640 usum
1079 4553 1263 4668 poligoni
1278 4558 1469 4650 interme·

202 4674 294 4757 dius
308 4672 538 4761 monsulsus
552 4676 830 4787 requirebatur
851 4733 862 4763 ‚
893 4703 987 4774 cum
1003 4729 1013 4760 ,
1031 4693 1079 4755 ut
1093 4695 1137 4755 ut
1152 4673 1323 4779 ingentis
1343 4669 1468 4748 trian-

197 4789 320 4914 guli,
352 4787 507 4880 nulium
520 4794 615 4908 plus
634 4821 749 4907 atquo
774 4794 965 4906 exiguum
990 4789 1078 4876 sore
1095 4783 1284 4913 angulum
1301 4805 1470 4898 appare·
1548 4863 1553 4870 .

197 4935 201 4944 ⁴
1381 4921 1469 4984 set,
