4156 5752
467 764 661 829 sarcasmum
738 721 811 830 15.¹
829 728 888 811 Ut
899 724 981 832 jam
992 725 1136 810 eodem
1159 726 1333 816 ordine,
1358 754 1441 839 quo
1456 725 1596 814 curfim
1610 724 1934 848 perlustravimus

653 949 656 957 ¹
674 844 846 963 figuram
864 871 882 930 1
900 899 912 934 ‚
943 840 1137 958 singulas,
1162 847 1244 953 ejus
1272 863 1404 960 parter
1432 841 1752 938 confideremus,
1773 848 1939 950 ordien·
2066 879 2067 886 ¹

671 965 769 1052 dum
783 961 838 1047 est
852 964 904 1048 ab
917 962 1000 1068 ejus
1012 958 1260 1076 suspensione
1287 957 1461 1048 aAa‘A'B
1480 1019 1494 1053 ‚
1516 993 1604 1077 quae
1619 967 1661 1046 in
1674 961 1741 1078 fig.
1760 991 1800 1050 2.
1817 965 1934 1053 lrabe-
2066 957 2067 976 Ν

669 1107 738 1168 tur
753 1080 959 1193 aliquanto
973 1077 1131 1168 clarius.
1143 1077 1288 1166 Refert
1301 1076 1384 1165 AA'
1396 1075 1558 1168 ferream
1574 1082 1766 1196 regulam,
1782 1081 1844 1166 vel
1864 1113 1935 1197 po·
2066 1083 2067 1114 ³

667 1204 746 1286 tius
764 1195 1020 1286 trabeculam
1037 1195 1319 1285 collocandam
1343 1199 1386 1282 in
1404 1193 1478 1282 fitu
1508 1195 1791 1296 horizontali,
1821 1200 1934 1304 cujus

426 843 525 899 sellaria
537 881 545 898 .

425 922 490 976 Tab.
500 943 528 983 a·
538 931 566 979 Β.
583 947 595 984 r

498 1081 500 1088 γ
581 1023 597 1060 3

680 623 758 716 19⁶
939 576 1596 714 florusouruu

663 1312 957 1406 videmuslatus
975 1313 1168 1402 verticale
1194 1312 1289 1401 AA‘.
1311 1303 1411 1400 Earn
1426 1311 1545 1402 fulcit
1562 1313 1696 1400 similis
1708 1314 1848 1430 regula
1860 1313 1929 1408 ad,

663 1461 833 1551 quarum
849 1457 1019 1547 utraque
1033 1432 1096 1520 uel
1112 1463 1253 1524 muro,
1272 1429 1335 1517 vel
1353 1433 1476 1543 tignis
1495 1429 1688 1546 laquearis
1704 1493 1727 1528 ,.
1744 1456 1814 1519 aut
1833 1437 1933 1518 tecti
2066 1519 2067 1524 a

664 1554 721 1638 est
753 1547 968 1636 firmissime
995 1549 1296 1666 adstringenda.
1323 1551 1465 1656 lnejus
1478 1545 1650 1636 faciebus
1663 1547 1931 1638 horizontali·
2066 1547 2067 1562 '

663 1673 737 1760 bus
757 1661 848 1758 1:732
883 1664 931 1754 ee'
949 1665 1054 1754 adest
1086 1665 1264 1754 foramen
1291 1663 1513 1755 verticale‚·
1534 1669 1602 1750 cui
1620 1669 1808 1752 imminet
1833 1691 1927 1750 anu·
2064 1685 2067 1724 l

668 1787 730 1873 lus
745 1787 891 1872 ferreus
904 1785 996 1877 5132
1024 1781 1381 1899 quisresupcriori
1394 1809 1510 1896 parte
1522 1785 1708 1871 nonnihil
1723 1811 1928 1870 convexus
2066 1883 2067 1890 Ν

664 1900 744 1996 fit,
775 1906 821 1990 δι
846 1902 1068 1990 admodum
1097 1899 1225 1995 levis,
1250 1902 1329 1988 erit
1342 1903 1476 2011 aptior
1493 1899 1542 1984 ad
1555 1897 1859 1987 conversionem
1872 1896 1927 1986 se·
2066 1909 2067 1992 ξ

665 2023 794 2108 dioris
814 2019 1071 2133 praestandam
1090 2017 1279 2104 facilius.
1314 2019 1512 2108 Foramini
1535 2077 1546 2111 ,
1573 2022 1619 2104 dt
1649 2015 1797 2134 regulae
1830 2013 1926 2109 Aa,

664 2138 834 2226 &anuli
862 2134 954 2225 ΒΕΖ
983 2130 1168 2220 inseritur
1183 2133 1301 2220 massa
1316 2131 1444 2221 ferrea
1461 2129 1545 2220 aBe‘
1557 2134 1731 2224 'desrnem
1745 2138 1786 2220 in
1799 2133 1928 2248 cylin-

547 2322 550 2334 .
658 2255 776 2340 drum
795 2281 866 2368 per
894 2283 940 2339 ea
969 2251 1163 2340 foramina
1192 2250 1422 2356 traductum
1453 2248 1574 2364 usque
1604 2257 1655 2339 ad
1678 2259 1713 2341 F
1725 2307 1739 2344 ‚
1770 2254 1811 2334 in
1843 2281 1925 2366 quo

424 3191 513 3246 Modus
523 3195 615 3252 fedore

406 3347 456 3406 dr·

400 3629 512 3722 urbs„
525 3671 553 3725 Β,
567 3693 593 3736 3,

407 3270 467 3364 inde
488 3275 630 3348 suspendcn

656 2373 827 2462 habetur
842 2373 884 2454 in
896 2374 932 2457 G
945 2365 1125 2456 foramen
1144 2365 1428 2461 horizontale,
1457 2399 1529 2479 per
1542 2371 1655 2480 quod
1670 2372 1795 2456 ferrea
1810 2372 1921 2480 virga

658 2487 926 2576 horizontalis
971 2489 1228 2580 traducitur,
1256 2513 1343 2598 quae
1374 2485 1496 2578 anulo
1520 2485 1599 2574 EE‘
1623 2489 1847 2577 innititur,
1882 2487 1925 2572 δι

660 2629 798 2692 totum
811 2601 971 2690 sustinet
982 2606 1145 2718 pondus
1159 2601 1285 2689 mnilae
1314 2600 1452 2687 ferreae
1483 2607 1551 2690 BF
1563 2664 1575 2698 ‚
1606 2636 1652 2691 ac
1666 2601 1833 2691 sectoris
1850 2605 1924 2690 BD

657 2719 731 2837 ipsr
755 2719 944 2838 appensr‚
974 2715 1465 2838 quaevirgaficylindrica
1491 2717 1571 2815 sit,
1602 2723 1787 2810 &ierim
1821 2723 1922 2807 utin

659 2844 764 2930 binis
776 2841 937 2953 punc‘iis
954 2867 1175 2925 convexam
1196 2897 1207 2930 ‚
1231 2843 1277 2924 dc
1290 2836 1418 2924 levem
1433 2837 1540 2924 anuli
1560 2837 1810 2956 superficiem
1826 2865 1923 2924 con-

661 2961 823 3072 tingat,
852 2978 945 3042 tota
972 2955 1089 3042 massa
1113 2963 1180 3044 BF
1199 2985 1291 3044 cum
1319 2955 1476 3059 adiecio
1505 2954 1660 3046 ses’rore
1686 2961 1761 3045 BD
1783 2957 1922 3044 admo·

658 3075 754 3162 dum
773 3073 890 3160 facile
906 3078 1015 3159 circa
1029 3103 1142 3160 axem
1159 3079 1226 3161 BF
1235 3103 1379 3191 gyrare
1392 3079 1552 3188 poterit
1568 3143 1576 3160 .

619 3217 642 3252 m
722 3209 785 3279 16.
819 3195 1100 3282 Habetnutem
1124 3191 1246 3278 ‘massa
1271 3195 1343 3278 elie
1368 3217 1606 3306 aperturum·
1629 3190 1729 3279 infra
1754 3195 1818 3281 Β,
1850 3193 1927 3274 cui·

633 3307 825 3397 'sectoris
839 3307 975 3423 regula
991 3311 1067 3394 BD
1079 3307 1196 3392 inseri
1205 3308 1344 3424 poffit.
1360 3311 1408 3394 In
1421 3309 1505 3426 ipsa
1516 3310 1656 3426 regula
1667 3312 1724 3398 est
1740 3307 1921 3395 foramen

655 3425 881 3516 circulare,
908 3425 1021 3541 quod
1034 3433 1211 3512 cernitur
1227 3423 1410 3539 infigura
1429 3459 1452 3538 3
1470 3455 1601 3546 prope
1618 3433 1680 3522 Β,
1711 3433 1758 3513 δε
1773 3423 1844 3542 ipsi
1856 3453 1919 3510 re·

654 3540 857 3661 spondent
870 3544 964 3628 bina
978 3538 1174 3630 foramina
1187 3540 1312 3630 massae
1330 3549 1402 3630 eBe
1415 3545 1570 3641 biom&
1583 3547 1675 3634 inde
1690 3549 1739 3632 ab
1756 3567 1920 3658 apertu·

651 3693 721 3753 ra,
753 3689 825 3780 per
840 3689 958 3778 quae,
989 3664 1034 3747 δε
1047 3689 1119 3775 per
1136 3659 1319 3748 foramen
1331 3659 1477 3776 regulae
1494 3667 1570 3750 BD
1583 3655 1812 3752 traducitur
1835 3663 1918 3746 axis

653 3776 800 3867 ferreus
814 3778 1061 3896 cylindricus
1078 3779 1111 3866 li
1127 3837 1138 3871 ‚
1156 3782 1268 3888 cujus
1283 3789 1406 3894 caput
1419 3777 1591 3868 alterum
1619 3793 1633 3867 i
1655 3779 1812 3868 craffius
1827 3774 1921 3893 ipso

651 3895 849 3982 forami-nc
877 3894 1046 3981 ulterius
1079 3899 1273 4010 progredi
1298 3925 1383 3982 non
1409 3897 1559 4014 posit,
1585 3899 1761 3987 alterum
1779 3919 1914 3983 autem

650 4037 777 4129 caput
791 4016 831 4097 in
848 4012 1057 4098 cochleam
1081 4011 1386 4102 conformatum
1411 4016 1620 4105 cochleam
1647 4047 1786 4104 cavam
1812 4015 1918 4102 exci-

646 4133 760 4246 piat,
777 4155 823 4216 ut
836 4125 921 4244 ipse
934 4127 1138 4242 cylindrus
1157 4134 1225 4216 lie
1241 4129 1317 4218 suis
1331 4129 1597 4222 foraminibus
1612 4136 1752 4252 egredi
1764 4161 1913 4245 nequa·

644 4277 764 4362 quam
779 4248 925 4363 posfit.
951 4249 1079 4354 Hujus
1087 4250 1402 4338 machinamenti
1415 4251 1769 4345 dirnenfionensire
1784 4249 1914 4364 longi·

644 4365 751 4464 tudo
764 4365 996 4482 spectetur,
1022 4362 1101 4451 slve
1116 4364 1327 4462 latitudo,
1364 4368 1442 4456 five
1459 4369 1703 4461 craffitudm
1734 4371 1909 4458 arbitra·

639 4480 827 4690 pp'lafisunt
864 4515 1032 4684 pmnes,
1057 4508 1105 4571 ut
1133 4509 1276 4601 patet,
1307 4486 1534 4574 dummodo
1554 4487 1648 4580 satis
1669 4487 1837 4578 firmum
1864 4481 1909 4572 fit

717 4624 862 4688 entacu
882 4633 948 4688 um
967 4673 976 4690 .
1795 4645 1798 4650 ·

423 4752 625 4814 suanum.
705 4749 768 4820 17.
802 4722 875 4806 His
890 4722 948 4805 ita
960 4717 1161 4836 dispositis
1187 4745 1280 4812 tota
1305 4725 1490 4816 machina
1515 4729 1575 4812 ita
1598 4723 1802 4842 infigenda
1827 4723 1906 4810 erit
2054 4767 2059 4796 ι

637 4839 925 4932 sodomum,
954 4840 1020 4928 rel
1050 4840 1257 4952 laqueari,
1294 4863 1341 4930 ut
1367 4840 1452 4930 AA‘
1475 4847 1608 4958 jaceat
1647 4843 1908 4977 quamprori·
2053 4850 2058 4963 ξ

893 4987 901 4996 ·
1787 4989 1853 5046 me
1867 4984 1906 5045 rn
