4178 5748
659 619 715 700 68
967 607 1556 699 opusculum:

651 723 994 814 rnoriamservatt
1025 757 1070 818 ac
1083 729 1233 814 iterum
1243 723 1459 815 conscenso
1474 726 1629 814 summo
1653 743 1906 816 monte,eo·

651 845 912 958 demregreffi
929 842 1084 934 sumus,
1116 844 1220 930 unde
1245 871 1360 931 mane
1381 843 1696 931 discesseramus.
1730 843 1825 925 inde
1850 844 1909 928 se·

648 969 790 1076 quenti
805 963 886 1072 die,
903 965 1073 1071 trajetsta
1088 957 1320 1077 amplissima
1339 957 1456 1057 valle,
1475 965 1517 1046 in
1537 958 1780 1048 Tusculanos
1795 987 1910 1045 mon·

647 1101 707 1165 tes
718 1081 907 1166 evaslmus
925 1137 935 1169 ,
954 1107 1001 1163 ac
1014 1084 1057 1162 in
1069 1075 1284 1165 editiffimo
1297 1107 1431 1194 pago,
1459 1083 1576 1168 Rocca
1588 1084 1727 1166 Priora
1741 1075 1909 1164 dicitur,

644 1203 766 1283 noete
788 1194 1010 1293 transasta,
1038 1200 1083 1282 dc
1110 1191 1460 1282 obseruationibus
1486 1197 1660 1288 habitis,
1687 1191 1913 1306 insequenti

643 1313 709 1399 die
736 1310 1038 1400 laboriofillrmo
1053 1312 1170 1404 sane,
1197 1315 1371 1428 primum
1391 1311 1556 1426 quidem
1581 1309 1771 1400 trasmiffa
1786 1310 1905 1403 valle,

640 1456 731 1542 quae
755 1431 911 1544 Algido
938 1428 1139 1536 subjacet,
1168 1433 1213 1513 in
1236 1427 1329 1516 eum
1354 1429 1482 1544 ipsum
1499 1427 1725 1516 velitrensis
1753 1431 1907 1512 montis
1942 1475 1948 1480 ·

642 1547 947 1634 conscendimus
961 1551 1180 1640 verticem,
1197 1549 1240 1630 in
1258 1577 1341 1662 quo
1355 1549 1399 1634 iu
1416 1548 1618 1656 postremo
1631 1547 1778 1632 Italico
1794 1544 1905 1631 bello

642 1668 755 1780 prius
779 1666 942 1778 quidem
956 1667 1145 1750 Germani
1162 1668 1325 1752 brevem
1342 1720 1355 1755 ,
1383 1687 1473 1749 tum
1490 1665 1536 1748 iis
1550 1665 1639 1749 inde
1664 1662 1783 1778 pulfis
1800 1666 1907 1745 Nea·

639 1782 840 1898 politani,
869 1803 985 1893 atque
1001 1778 1169 1894 Hispani
1198 1782 1409 1868 stationem
1433 1782 1657 1867 habuerunt
1686 1779 1907 1864 admodum

639 1899 901 1988 diuturnam,
928 1927 974 1982 ac
988 1901 1096 1982 circa
1110 1898 1320 1983 meridiem
1333 1902 1377 1981 in
1390 1897 1659 1983 ardentiffimo
1679 1895 1772 1983 Sole
1792 1923 1906 1980 com·

642 2019 792 2102 morati
812 2045 884 2130 per
899 2016 1017 2100 horas
1031 2014 1395 2125 tresobingentem
1410 2012 1494 2098 loci
1515 2017 1905 2128 opportunitatem,

623 2132 906 2218 ¹Cinthianum
923 2129 1195 2216 descendimus
1209 2157 1315 2214 nunc
1337 2131 1495 2239 Genfimo
1524 2128 1818 2215 Caesarinorum
1832 2157 1905 2241 op·

640 2247 782 2363 pidum
795 2276 1001 2349 amoenum
1016 2301 1028 2336 ,
1043 2243 1280 2360 &frequens
1297 2301 1309 2336 ,
1323 2272 1370 2330 ac
1385 2242 1729 2334 observationibus
1743 2249 1783 2328 in
1796 2245 1902 2330 colle

640 2369 835 2479 proximo
849 2366 898 2450 ad
912 2364 1057 2480 pedem
1070 2357 1310 2454 semidirutae
1325 2363 1446 2446 turris
1464 2365 1680 2452 institutis,
1700 2361 1901 2446 declinan-

640 2505 684 2568 te
703 2481 752 2566 ad
767 2479 954 2570 occasum
967 2481 1033 2565 die
1044 2482 1198 2596 ingenti
1215 2507 1318 2592 gyro
1336 2531 1349 2571 ,
1364 2479 1529 2570 Aricia,
1575 2479 1657 2564 uod
1673 2476 1902 2564 Ghisiorum

639 2601 841 2713 oppidum
858 2597 930 2694 est,
948 2600 1054 2682 Arce
1068 2593 1255 2682 Gandulfi
1273 2657 1285 2691 ,
1300 2596 1476 2686 Marino,
1489 2509 1815 2682 columnensrum
1830 2623 1903 2708 op·

637 2714 768 2828 pido,
786 2711 1002 2802 Tusculum
1020 2713 1148 2801 multa
1159 2715 1241 2820 jam
1255 2717 1374 2800 noete
1399 2711 1627 2800 devenimus
1642 2717 1683 2797 in
1701 2711 1902 2802 celebrem

637 2833 818 2918 Romani
848 2828 1008 2937 hujusce
1020 2829 1198 2944 Collegii
1214 2827 1381 2920 villam,
1410 2857 1459 2914 ex
1471 2859 1550 2942 qua
1576 2823 1800 2944 insequenti
1832 2833 1899 2918 die

640 2951 818 3036 Romam
844 2948 1003 3064 regressi
1031 2945 1160 3035 sumus
1190 2949 1299 3057 junii
1325 2944 1606 3032 tertiadecima
1637 3005 1649 3039 ,
1681 2971 1801 3032 tanto
1829 2951 1899 3034 iti·

639 3095 733 3153 nere
761 3097 855 3152 cum
881 3061 1229 3154 observationibus
1258 3085 1343 3151 tam
1367 3060 1504 3149 multis
1534 3065 1721 3152 breviore
1745 3091 1897 3176 quam,

643 3179 912 3270 uniusmensis
946 3184 1343 3297 temporeperadlis.

417 3371 466 3424 Mb
705 3329 799 3398 127.
831 3304 878 3414 In
891 3300 970 3383 hoc
984 3302 1130 3382 itinere
1146 3298 1292 3385 Albani
1306 3299 1459 3384 montis
1480 3299 1674 3388 verticem
1690 3325 1896 3415 opposta*

392 3452 438 3503 e„
454 3390 627 3511 ,sibim
641 3417 838 3502 nisiimum
861 3414 1006 3500 itidem
1020 3412 1369 3503 observationibus
1393 3415 1693 3506 astronomicis,
1719 3416 1899 3530 longissi-

640 3562 705 3618 me
722 3537 829 3618 enim
846 3533 1154 3647 circumquaque
1167 3529 1441 3648 prospicitur,
1466 3531 1689 3622 omisimus,
1719 3532 1831 3648 quod
1850 3539 1898 3621 δε

641 3652 697 3736 ibi
716 3650 811 3737 aliis
840 3651 1007 3736 Mairius
1038 3647 1338 3737 observationes
1357 3649 1584 3737 instituerat
1599 3650 1761 3763 plures,
1787 3652 1832 3734 bc
1847 3677 1897 3738 ex

639 3765 722 3880 ipsa
735 3765 959 3854 Tusculana
971 3765 1067 3854 villa
1093 3764 1210 3852 facile
1227 3793 1314 3854 erat
1329 3796 1380 3853 eo
1393 3763 1583 3852 seriarum
1602 3764 1897 3853 autumnalium

638 3908 823 3998 tempore
837 3879 1129 3996 insequentibus
1143 3886 1252 3968 annis
1269 3911 1481 3972 excurrere
1503 3942 1516 3976 ,
1544 3883 1657 3996 quod
1675 3883 1806 3998 ipsum
1828 3884 1896 3968 de·

640 4000 730 4085 inde
743 4001 797 4084 esi
811 4003 1050 4116 praestitum.
1068 4001 1176 4086 Illud
1191 4022 1326 4086 autem
1340 4001 1403 4087 hic
1422 4001 1696 4086 omittendum
1710 4031 1792 4088 non
1804 4027 1896 4082 cen·

639 4115 737 4210 seo,
762 4117 873 4230 quod
884 4143 957 4203 nos
971 4118 1132 4231 quidem
1146 4121 1189 4203 in
1200 4119 1379 4208 omnium
1396 4173 1407 4208 ,
1431 4145 1606 4230 quorum
1618 4117 1792 4231 plurima
1805 4115 1896 4202 sub.-

637 4236 808 4330 ivimus,
834 4233 1099 4349 gravissimum
1126 4293 1137 4332 ,
1165 4239 1211 4323 δι
1237 4231 1576 4350 praesentissimum
1603 4259 1725 4320 certae
1749 4241 1895 4322 mortis

642 4353 869 4468 periculum
886 4355 1085 4446 adduxit,
1111 4354 1198 4440 aliis
1212 4379 1347 4440 autem
1363 4354 1544 4468 prodesse
1560 4353 1697 4467 potest
1720 4384 1792 4470 per
1809 4383 1896 4442 ma·

640 4472 695 4556 ris
710 4470 856 4558 littora
868 4475 948 4557 iter
960 4474 1225 4561 habentibus.
1632 4559 1637 4568 ,

388 4601 626 4700 sarnanum.
703 4602 795 4674 128.
828 4593 959 4677 Antio
971 4594 1171 4676 Gircaeum
1197 4594 1457 4705 petebamus,
1476 4589 1600 4678 rheda
1620 4597 1726 4682 vecti
1741 4623 1813 4709 per
1831 4597 1845 4678 i

390 4700 538 4821 ffi¹¹⁸
558 4685 889 4801 l‘¹¹'su1nlittus,
916 4705 1029 4822 quod
1054 4706 1350 4821 ostioFogliani
1377 4707 1512 4802 lacus,
1544 4711 1604 4794 ita
1627 4739 1718 4796 eum
1750 4624 1893 4826 appel-i

523 4863 525 4867 ·
637 4822 749 4923 lant,
777 4855 822 4913 ac
850 4835 1028 4941 pertinet
1054 4827 1105 4913 ad
1132 4829 1324 4936 Pontinas
1339 4826 1504 4920 Paludes
1521 4882 1535 4923 ,
1554 4831 1890 4946 interrumpitur,

1290 4968 1305 5012 ⁴
1819 4975 1893 5035 nec

771 5054 801 5108 0
