4256 5730
1432 651 1461 720 x

219 741 515 878 terrestris
550 738 755 916 figurae
795 748 1300 880 determinatione
1348 651 1482 886 satii

221 929 454 1070 excoli,
490 929 559 1058 ὅ(
594 925 841 1103 perfici
838 974 1219 1139 nequaquam
1248 937 1490 1110 potest.

220 1115 481 1242 Norunt
528 1103 597 1232 id
635 1107 791 1239 olim
834 1116 924 1243 N
908 1157 1068 1242 reem
1098 1121 1339 1260 Patres,
1372 1161 1485 1246 no-

223 1302 315 1424 vit
354 1283 558 1418 omnis
598 1293 1098 1506 consequentium
1139 1335 1375 1482 aetatum
1398 1299 1483 1430 se·

172 1577 178 1594 .
220 1482 369 1616 ries,
401 1479 575 1603 novit
604 1473 729 1654 iple
758 1475 918 1607 ille
899 1521 1118 1647 angens
1150 1487 1298 1611 civis
1313 1481 1485 1610 Tuus

223 1661 555 1824 Gregorius
578 1669 784 1788 tertius
810 1656 1079 1792 decimus
1090 1657 1373 1792 Pontifex
1383 1665 1485 1788 'iti-

222 1840 371 1968 dem
408 1842 715 1970 Maximus
755 1841 780 1984 ',
825 1848 935 2014 qui
985 1847 1161 1971 unius
1188 1842 1487 1969 Astrono·

223 2023 362 2146 miae
390 2016 658 2190 praefidio
691 2019 930 2152 Caelum
962 2017 1160 2198 ipsum
1198 2021 1487 2150 conscen-

224 2201 356 2346 dit,
404 2249 471 2328 ac
504 2208 585 2331 ita
629 2211 925 2331 rationem
962 2244 1313 2377 temporum
1351 2202 1487 2330 l-on

226 2431 304 2556 ga
339 2395 462 2578 ejus
513 2379 806 2514 facultatis
854 2393 1239 2555 ignoratione
1277 2381 1488 2559 depra-

78 2647 95 2684 .
226 2571 428 2697 vatam
451 2567 743 2708 restituit,
784 2602 857 2696 ut
881 2565 993 2741 ipfi
1012 2565 1342 2695 Catholicae
1367 2572 1489 2692 Re·

228 2729 476 2919 ligionis
521 2749 716 2876 hostes
755 2754 1028 2878 acerrimi
1053 2793 1114 2878 et
1093 2745 1203 2874 fe
1233 2744 1492 2888 demum

228 2929 365 3106 post
392 2933 533 3059 bina
549 2926 677 3058 fere
700 2929 903 3062 faecula
918 3017 939 3073 ,
955 2967 1093 3060 utut
1106 2933 1321 3118 inviti,
1345 2972 1491 3056 con

229 3109 589 3270 formarint,
632 3113 808 3278 quod
843 3109 1137 3232 nimirum
1165 3141 1315 3234 tanta
1300 3113 1490 3236 Pon-

228 3290 465 3428 tificis,
511 3335 579 3414 ac
601 3293 893 3416 Romanae
933 3285 1277 3464 Religionis
1306 3281 1488 3419 decus

229 3475 360 3600 Tui
390 3470 643 3600 demum
692 3473 944 3656 Imperii
989 3470 1379 3650 temporibus
1403 3509 1489 3597 re

234 3649 605 3783 servabatur
654 3647 857 3856 Qid
853 3692 1000 3780 vero
1034 3646 1250 3792 illud,
1307 3641 1489 3824 quod

238 3840 312 3962 ab
344 3831 516 4009 ipsa
493 3839 860 4044 cognitione
894 3827 1139 3960 Naturae
1178 3831 1256 3958 ad
1291 3831 1490 4006 supre

239 4013 414 4143 mum
449 4025 572 4173 ejus
606 4009 913 4204 Opificem
943 4006 1491 4185 cuntemplandum

240 4195 441 4342 multo
489 4200 625 4325 sane
673 4185 903 4346 facilius
944 4189 1309 4370 assurgitur,
1360 4195 1491 4320 &a

245 4359 597 4510 naturalibus
637 4371 797 4505 hisce
825 4379 917 4506 ad
923 4371 1029 4505 illa
1067 4376 1325 4507 divina
1306 4412 1387 4504 rta
1420 4365 1492 4495 fit

245 4561 490 4768 gradus,
537 4557 706 4689 utin
753 4553 1117 4728 theologicis
1138 4553 1492 4688 erudiretu-

241 4740 422 4869 diis
399 4778 774 4905 juventutem
811 4739 992 5021 timna
1030 4735 1221 4868 soleat
1261 4725 1492 4898 Acade-

865 4955 892 5018 2
1371 4913 1458 5014 nlla
1475 4968 1492 5028 2
