4156 5752
658 611 745 706 24'2
999 604 1582 698 OPUSCULUM·

658 723 913 837 alteraptrte
929 721 1235 837 punslumillu'd
1262 723 1361 808 vitri
1377 721 1570 827 objectio
1586 771 1598 810 ‚
1613 743 1685 834 per
1701 716 1817 834 quod
1837 717 1924 830 ‚axis

665 837 829 926 transire
848 837 1000 931 debet,
1030 837 1158 955 poffet
1178 842 1231 927 ad
1249 839 1414 955 planum
1427 834 1593 923 sectoris
1606 840 1800 924 accedere
1819 893 1833 928 2
1860 834 1924 922 vel

661 960 711 1044 ab
724 985 775 1042 eo
788 955 974 1042 recedere
989 960 1075 1049 ita,
1106 981 1153 1044 ut
1170 962 1326 1076 ingenti
1339 981 1457 1043 motu
1474 951 1584 1041 sacto
1600 956 1633 1040 is
1648 949 1817 1042 accessus
1830 951 1923 1039 esset

566 1178 571 1186 ι
660 1083 853 1190 'perquam
864 1075 1057 1187 exiguus,
1091 1079 1136 1162 δι
1154 1068 1704 1188 exalterapartemotuipso
1732 1067 1923 1158 faetovfir-

659 1193 824 1279 millime
837 1193 1054 1278 immotum
1067 1194 1212 1280 deinde
1226 1193 1422 1309 perstaret
1437 1193 1589 1276 vitrum
1603 1188 1819 1306 ipsum.ln
1834 1217 1925 1277 cum

661 1304 773 1396 usum
787 1337 946 1398 omnem
967 1309 1077 1396 illam
1091 1309 1268 1428 disposui
1288 1311 1633 1396 ecceutricitatem
1649 1307 1924 1395 thececonti-

660 1431 792 1514 nentis
810 1427 959 1514 vitrum
969 1431 1217 1536 objectivum
1232 1432 1272 1512 in
1288 1423 1408 1544 sign
1423 1482 1434 1515 ,
1460 1424 1641 1542 respectu
1655 1421 1781 1542 crpsae
1798 1419 1924 1539 ipsam

663 1545 822 1632 thecam
861 1547 1109 1632 continentis
1140 1605 1152 1640 ,
1183 1547 1233 1632 de
1263 1573 1344 1659 qua
1378 1543 1556 1658 superius
1583 1547 1735 1658 egimus
1765 1607 1775 1628 .
1807 1549 1925 1746 Opo-

662 1663 896 1766 niamenim
924 1668 1202 1751 eccentricitas
1228 1662 1273 1749 ab
1300 1661 1481 1777 respectu
1508 1658 1837 1748 semidiametria
1883 1660 1923 1742 in

665 1779 813 1895 sign,
832 1782 876 1865 &
896 1809 942 1866 12
965 1781 1020 1865 est
1037 1779 1127 1868 satis
1141 1784 1289 1895 exigua
1303 1838 1314 1870 ‚
1328 1781 1485 1891 ingenti
1501 1802 1619 1880 motu
1631 1780 1773 1896 puncti
1791 1779 1824 1864 -E
1839 1777 1923 1862 exi·

664 1929 766 2014 guus
779 1898 998 1984 admodum
1014 1892 1062 1982 fit
1075 1923 1210 1986 motus
1225 1898 1360 2012 puncti
1378 1896 1401 1980 b
1418 1923 1534 1986 ‚nec
1549 1898 1766 1982 inomnino
1780 1915 1892 1980 totus
1911 1948 1922 1984 ι

664 2041 713 2102 ut
725 2017 807 2110 bb‘,
824 2014 886 2102 vel
902 2014 1009 2101 brad
1024 2013 1212 2103 accessum
1228 2018 1426 2130 pertinet,
1443 2009 1739 2103 telmessum,
1757 2008 1823 2097 sed
1842 2011 1923 2118 ejut

667 2132 1026 2252 parsbmvubz.
1095 2175 1101 2225 3

410 2259 553 2356 Μ’*
571 2264 648 2320 *m-
725 2265 817 2342 1062
850 2255 900 2336 Et
913 2249 1074 2366 quidem
1090 2277 1169 2362 ope
1185 2245 1382 2358 ejusmodi
1396 2246 1666 2338 converfionir
1689 2246 1792 2334 illud
1803 2246 1924 2330 etium

410 2340 647 2477 ῗζῗξῖξζξζζῗζ
662 2372 835 2457 inveniri
860 2367 1019 2481 potest,
1051 2369 1121 2453 ubi
1136 2364 1184 2453 [it
1202 2363 1448 2480 potiffimum
1474 2372 1517 2455 in
1536 2401 1582 2457 ea
1593 2368 1798 2474 objectiva
1816 2360 1921 2448 lente

409 2493 526 2563 scrin·
658 2491 852 2601 punctum
865 2482 965 2569 illud
983 2515 1084 2600 ,per
1101 2483 1213 2598 quod
1233 2481 1369 2572 tinniit
1388 2491 1470 2596 ejus
1485 2492 1567 2575 axis
1583 2541 1594 2574 ‚
1609 2483 1721 2599 quod
1737 2502 1922 2570 accurate

652 2601 766 2689 'nosse
776 2601 946 2718 plurimi
960 2603 1122 2688 interest
1134 2601 1382 2716 potillimum
1398 2663 1410 2696 ‚
1429 2633 1476 2691 ut
1490 2599 1743 2696 innotescat,
1760 2631 1810 2690 an
1825 2594 1923 2705 ejus·

660 2722 775 2806 modi
788 2720 871 2808 lens
885 2715 933 2804 stt
952 2716 1045 2806 satis
1065 2722 1166 2806 bene
1180 2738 1393 2814 centrata,
1416 2727 1462 2812 nc
1477 2751 1524 2811 ut
1536 2721 1655 2837 possit
1669 2723 1710 2806 id
1726 2721 1922 2837 punctum
2063 2763 2064 2774 ι

659 2836 856 2929 collocari
875 2841 916 2922 in
930 2862 1074 2923 centro
1090 2859 1314 2949 aperturae,
1346 2849 1393 2928 ac
1408 2866 1593 2929 centrum
1608 2845 1804 2956 apertum
1836 2833 1921 2919 tubi

659 2956 858 3049 ocularis,
894 2950 1071 3071 &ipfius
1084 2953 1262 3048 ocularis
1272 2951 1395 3044 lentis
1417 2963 1500 3047 axis
1522 2965 1566 3046 in
1594 2989 1643 3044 ea
1659 2964 1792 3044 recta,
1837 2978 1924 3066 quae
2062 3019 2063 3022 ι

658 3073 752 3162 inde
768 3073 908 3161 transit
930 3100 1003 3186 per
1029 3067 1357 3160 intersectionem
1377 3073 1564 3166 filorum.
1595 3076 1642 3163 Id
1659 3074 1818 3191 quidem
1833 3067 1926 3184 plu·

657 3193 768 3278 ribus
783 3194 869 3278 aliis
884 3190 1084 3277 methodis
1099 3191 1267 3276 inveniri
1279 3195 1435 3304 potest.
1464 3199 1589 3284 Siex.
1606 3225 1667 3310 gr.
1695 3189 1926 3279 collocetur

658 3307 742 3393 lens
756 3307 990 3414 ejusmodie
1006 3309 1168 3421 regione
1180 3311 1321 3419 puncti
1336 3313 1461 3400 lucidi
1474 3309 1567 3400 satir
1584 3311 1736 3399 remoti
1753 3368 1766 3403 ,
1787 3333 1836 3393 ut
1850 3335 1919 3420 ptr
2061 3317 2062 3326 '

658 3431 819 3514 noctem
834 3421 1038 3510 foraminis
1052 3427 1221 3510 rotundi
1238 3450 1334 3514 ante
1349 3437 1540 3538 maiorem
1559 3432 1763 3521 flammam
1777 3422 1916 3510 consii-

661 3545 742 3629 tuti
759 3573 888 3658 prope
904 3537 1029 3656 ipsam
1047 3599 1059 3633 ‚
1076 3541 1187 3648 cujus
1202 3548 1338 3659 imago
1359 3551 1588 3666 excipiatur
1602 3552 1643 3632 in
1657 3547 1795 3632 charta
1808 3540 1921 3626 tenui
2060 3573 2061 3586 ι

659 3661 845 3747 rotundo
857 3657 1054 3746 foramine
1081 3654 1286 3773 perforata
1297 3665 1356 3748 ita
1370 3727 1382 3760 ,
1398 3690 1445 3753 ut
1458 3671 1592 3783 imago
1605 3663 1692 3784 ipsa
1709 3666 1746 3749 ei
1766 3657 1926 3750 sommi·

658 3779 704 3860 ni
728 3779 991 3865 concentrica
1008 3773 1082 3872 fit3
1116 3771 1334 3890 ipfiautem
1348 3781 1448 3872 lenti
1467 3787 1683 3893 objectivae
1697 3781 1925 3897 applicetur
2059 3875 2060 3892 Ν

512 3890 541 4000 j
656 3897 849 4093 proxima
859 3891 1036 3991 tabella,
1060 3891 1124 3981 vel
1150 3893 1310 3984 trallior
1335 3901 1477 3988 charta
1502 3899 1707 4020 perforata
1729 3896 1923 3987 foramine
2059 3895 2060 3906 '

677 4011 754 4095 atis
769 4010 907 4126 amplo
925 4071 938 4106 ‚
967 4035 1013 4098 ut
1026 4010 1118 4097 satis
1131 4041 1313 4127 magnam
1329 4018 1536 4107 radiorum
1548 4023 1713 4134 copiam
1726 4013 1926 4114 transmit·

654 4148 721 4213 tat
741 4125 861 4214 lentis
889 4119 1091 4236 ejusdem,
1123 4153 1365 4246 noteturque
1391 4133 1543 4252 politio
1570 4138 1687 4224 lentis
1716 4135 1767 4225 'ad
1801 4128 1927 4249 ipsam

657 4243 880 4338 tabellam,
913 4243 976 4332 vel
991 4247 1173 4334 chartam
1186 4251 1310 4336 ternis
1323 4253 1365 4335 in
1380 4256 1463 4362 ejus
1477 4260 1654 4372 margine
1674 4255 1836 4372 punctis
1850 4279 1927 4337 no·

655 4361 781 4456 tatis,
805 4389 892 4480 quae
907 4384 1134 4481 congruant
1155 4393 1248 4452 cum
1263 4367 1451 4456 totidem
1459 4376 1618 4487 punctis
1634 4370 1794 4461 tabellae
1815 4427 1828 4460 ,
1861 4361 1925 4452 vel
2057 4453 2058 4466 Ν

656 4477 836 4574 charte,
866 4485 1059 4596 punctum
1072 4477 1274 4570 illud-axis
1285 4485 1436 4591 jacebit
1451 4492 1491 4575 in
1519 4495 1656 4582 rena,
1684 4519 1774 4606 quae
1787 4489 1922 4599 jungit
2057 4473 2058 4490 Ν

657 4593 839 4686 foramen
853 4600 1033 4686 lucidum
1047 4628 1140 4687 cum
1152 4596 1412 4694 foraminoin
1425 4636 1509 4722 quo
1522 4610 1605 4718 ejus
1622 4613 1759 4727 imago
1773 4605 1924 4718 excipi·

659 4721 878 4839 tuthare
893 4713 920 4800 sa
937 4709 1234 4804 summoveatur
1251 4715 1393 4815 leun&
1407 4752 1478 4836 per
1493 4752 1722 4841 aperturam
1738 4723 1920 4812 resinam

658 4829 784 4920 oculo
799 4834 1010 4927 collocato
1026 4833 1117 4951 'post
1129 4832 1310 4924 foramen
1323 4837 1555 4960 illud,quocl
1573 4843 1791 4962 imaginem
1804 4863 1921 4928 antea

1815 4981 1922 5044 excr-
