4132 5766
666 643 743 744 md
998 621 1562 714 OPUSCULUM

664 752 807 842 dorum
821 769 988 830 numero
998 741 1256 832 iis-diversum
1272 745 1430 828 idcirco
1445 735 1644 828 obvenill'e
1659 739 1771 824 brevi
1788 741 1915 828 inter·

664 860 774 951 vallo
801 863 994 974 temporis
1021 858 1121 947 licet
1148 861 1256 948 idem
1274 861 1480 966 objectum
1506 853 1835 945 observantibus.
1873 863 1914 946 Si

663 976 762 1180 quid
780 977 974 1084 ejusmodi
990 979 1149 1063 accidat
1175 980 1218 1058 in
1238 979 1503 1063 micrometro
1530 969 1765 1086 telescopii‚
1795 980 1913 1083 cujus

698 1096 779 1180 lum
811 1119 893 1178 tarn
922 1090 1042 1207 longe
1067 1093 1211 1181 debeat
1240 1119 1479 1182 excurrere,
1509 1089 1656 1176 netelle
1680 1092 1735 1175 est
1755 1121 1913 1178 errores

664 1213 873 1298 committi
889 1239 970 1294 non
985 1208 1318 1296 contemnendos.
1334 1209 1450 1296 Nihil
1464 1237 1604 1295 eorum
1621 1208 1846 1293 timendum
1862 1211 1916 1296 ell

541 1314 544 1322 ¹
664 1332 706 1410 in
732 1355 823 1413 meo
840 1329 1111 1412 micrometro
1135 1327 1203 1440 fig.
1220 1357 1273 1426 7,
1305 1356 1389 1440 quo
1412 1325 1550 1440 regula
1578 1345 1667 1412 tota
1692 1352 1792 1410 curn
1822 1325 1916 1412 tele-

664 1443 808 1558 lcopio
823 1463 1011 1529 movetur
1027 1473 1100 1560 per
1116 1445 1351 1557 quadrantis
1367 1441 1536 1530 limbum
1552 1509 1560 1528 .

417 1625 652 1684 antumant·
725 1577 824 1661 248.
857 1562 962 1644 Hinc
976 1592 1055 1675 ego
1069 1563 1233 1676 quidem
1248 1559 1365 1646 satius
1378 1559 1505 1651 duxi,
1537 1587 1621 1645 non
1637 1556 1809 1674 fingulos
1825 1592 1918 1676 gra·

418 1708 552 1763 vunnu,
582 1703 636 1759 un,
667 1681 740 1765 dus
755 1701 895 1765 notare
914 1679 1200 1765 tantummodo
1229 1681 1269 1763 in
1288 1678 1519 1792 quadrantis
1543 1677 1702 1765 limbo,
1733 1675 1801 1762 sed
1825 1707 1914 1764 om·

416 1785 631 1916 ffiffif‘
666 1827 756 1884 nem
772 1792 1006 1882 divisronem
1022 1793 1244 1909 perficere,
1274 1799 1319 1882 &
1345 1789 1620 1882 transversales
1636 1796 1785 1879 ducere
1808 1797 1911 1882 des

417 1939 602 1998 strumen·
666 1943 807 2004 more,
834 1911 944 2026 quod
960 1915 1005 1997 bt
1019 1911 1239 1999 Graharnus
1255 1914 1298 1996 in
1310 1909 1386 1997 suis
1400 1913 1684 2024 quadrantibus
1699 1913 1908 2025 praestitit.

665 2034 715 2119 ld
746 2043 881 2118 autem
909 2031 954 2114 dt
978 2031 1050 2115 ubi
1076 2027 1310 2116 altitudines
1341 2029 1596 2117 observandae
1622 2025 1746 2118 lunt,
1778 2027 1911 2117 multo

496 2203 498 2210 ‹
663 2147 917 2237 commodius
930 2145 988 2231 est
998 2145 1495 2260 potilsrmumsrastrorum
1509 2145 1746 2234 altitudines
1761 2151 1914 2262 capien-

666 2263 836 2350 daelint.
870 2269 978 2350 Nam
1001 2267 1073 2348 ubi
1100 2257 1177 2347 soli
1198 2263 1350 2466 predas
1377 2262 1569 2376 defignati
1594 2262 1713 2356 lunt,
1743 2288 1912 2380 oportet

664 2382 926 2495 quadrantem
953 2384 1062 2494 prius
1081 2383 1140 2465 ita
1152 2382 1195 2466 di
1215 2409 1367 2496 ponere
1389 2439 1400 2473 ,
1434 2407 1482 2470 ut
1507 2376 1621 2467 filum
1645 2377 1826 2468 transeat
1842 2413 1910 2498 per

505 2595 507 2598 ,
660 2492 1090 2584 unamedivifionibus
1105 2522 1318 2588 accurate,
1350 2523 1440 2584 turn
1456 2491 1781 2588 observationem
1797 2503 1911 2590 inire,
2054 2607 2055 2610 q

661 2618 771 2730 quod
784 2619 828 2700 δι
851 2617 1022 2700 maxime
1039 2616 1346 2702 incommodum
1358 2616 1437 2708 eli,
1467 2619 1513 2702 δι
1530 2619 1726 2731 requirit,
1743 2639 1788 2700 ut
1800 2619 1914 2726 prius

662 2728 890 2940 ifiqnpttqgcat
911 2729 1090 2822 altitudo
1120 2729 1260 2822 saltem
1287 2737 1502 2849 proxime.
1536 2735 1612 2822 Sed
1638 2736 1718 2824 hec
1747 2733 1913 2824 inuuille

294 2956 297 2966 Δ
419 3026 473 3090 Qui
496 3021 653 3078 annun.
725 3003 822 3084 249.
856 2977 1086 3066 Videndum
1103 3003 1239 3070 autem
1254 2983 1522 3102 clipunum,
1549 2985 1661 3100 quod
1679 2981 1843 3098 quidem
1863 2979 1914 3065 ad
2053 2977 2054 3010 ³

419 3119 460 3156 n,
481 3118 574 3194 τως
587 3103 652 3194 {⁶¹⁶-
665 3088 774 3180 ulum
787 3096 1019 3296 quadrantis
1034 3103 1246 3213 pertinet,
1274 3103 1373 3218 quid
1390 3107 1536 3190 erroris
1562 3103 1775 3191 committi
1803 3095 1919 3214 polle

418 3179 677 3249 scopirmobrlnne.
748 3215 755 3230 ·
907 3219 914 3234 .
1059 3218 1067 3235 .
1216 3221 1224 3236 .
1312 3225 1320 3240 .
1703 3221 1711 3236 .

418 3258 544 3328 mm„
576 3259 652 3330 pm,
668 3239 709 3293 rn
721 3241 785 3322 eju
805 3216 917 3299 modr
936 3215 1089 3330 angulis
1104 3213 1341 3307 definrendrs
1355 3249 1405 3307 ex
1416 3249 1495 3314 eo,
1521 3221 1633 3338 quod
1650 3247 1735 3306 axra
1750 3215 1921 3304 telelco·

416 3335 585 3400 nestrum·
667 3331 727 3443 pii
741 3329 887 3444 regulae
902 3331 1066 3419 mobilis
1082 3362 1165 3420 non
1178 3332 1226 3421 src
1242 3346 1430 3426 accurate
1449 3335 1660 3453 parallelus
1680 3337 1807 3451 plano
1825 3363 1918 3449 qua-
2052 3325 2053 3336 ‘

417 3409 604 3482 ·r,t.„r.,‚.
666 3446 842 3532 drantis.
875 3446 1072 3566 Sitinlig.
1092 3457 1253 3538 11ACB
1276 3455 1445 3569 planum
1471 3458 1733 3570 quadrantis,
1766 3456 1813 3538 dt
1835 3451 1914 3535 aris

666 3560 875 3684 telelcopii
900 3566 1060 3651 mobilis
1085 3565 1262 3656 declinet
1292 3577 1343 3658 ab
1366 3570 1456 3688 ipso
1484 3572 1608 3689 plano
1638 3603 1711 3690 per
1731 3565 1910 3684 angulum

663 3687 800 3776 ACD,
833 3682 895 3769 vel
911 3687 1012 3771 BCE
1026 3749 1035 3768 .
1071 3685 1287 3774 Exhibebit
1299 3691 1494 3803 quadrans
1510 3692 1702 3807 angulum
1717 3691 1814 3776 Ace
1827 3713 1909 3798 pro

663 3803 768 3886 DCE
782 3856 794 3891 ‚
824 3826 1020 3914 eruntque
1047 3801 1181 3917 anguli
1207 3809 1352 3898 Aen,
1384 3811 1484 3894 BCli
1511 3809 1709 3925 aequales,
1742 3804 1914 3917 adeoque

659 3913 827 4026 aequales
842 3947 981 4003 eorum
998 3915 1122 4007 linus,
1150 3925 1326 4034 quicum
1342 3928 1691 4042 perpendiculares
1706 3923 1918 4052 lintplano
2049 3947 2051 4032 ξ

658 4032 918 4146 quadrantis,
949 4033 1129 4148 adeoque
1149 4039 1338 4148 paralleli·
1360 4049 1466 4130 inter
1485 4041 1554 4135 se,
1585 4071 1705 4134 erunt
1731 4049 1778 4130 &r
1794 4045 1914 4127 reste

657 4155 730 4238 DE
745 4205 756 4238 ,
774 4151 839 4236 FG
852 4148 1076 4264 parallelae,
1103 4156 1149 4240 dt
1171 4155 1341 4268 aequales
1358 4219 1370 4251 ,
1386 4187 1432 4247 ac
1458 4166 1515 4250 ob
1530 4167 1621 4255 CF,
1647 4167 1721 4253 CG
1736 4161 1914 4248 itidem,

656 4265 827 4382 aequales
843 4323 854 4356 ,
870 4292 988 4355 eruut
1007 4273 1162 4383 pariter
1186 4271 1389 4386 parallelae
1416 4283 1513 4371 FG,
1542 4285 1613 4368 ΑΒ
1630 4351 1640 4367 .
1672 4283 1762 4367 Erit
1778 4303 1914 4368 autern

654 4389 729 4474 DE
746 4385 899 4470 chorda
924 4387 1058 4502 anguli
1082 4391 1190 4478 DCE
1221 4448 1233 4480 ,
1259 4397 1304 4479 dt
1330 4403 1401 4484 ΑΒ
1431 4399 1583 4484 chorda
1613 4400 1751 4516 anguli
1785 4397 1916 4486 ACB,

656 4504 847 4589 nimirum
865 4499 935 4588 illa
947 4503 1071 4620 dupla
1089 4502 1190 4593 linus
1205 4507 1366 4598 dimidii
1401 4516 1535 4630 anguli
1561 4516 1801 4608 observati,
1833 4517 1914 4601 baec

656 4618 781 4732 dupla
793 4618 893 4703 sanus
907 4621 1066 4706 dimidii
1080 4624 1216 4738 anguli
1233 4657 1256 4710 a
1271 4631 1489 4743 quadrante
1507 4635 1702 4722 exhibiti.
1718 4643 1830 4724 Cum
1845 4635 1916 4748 igi·

658 4759 725 4822 tur
740 4737 788 4822 fit
802 4737 927 4822 utCrl
936 4739 1100 4830 radius,
1129 4742 1178 4825 ad
1205 4747 1271 4830 CF
1291 4747 1466 4836 cofinum
1486 4752 1790 4843 declinationis
1806 4757 1916 4840 axis,

656 4856 717 4942 ita
731 4857 803 4942 AB
833 4855 978 4974 duplus
1003 4851 1103 4953 finus
1133 4857 1293 4951 dimidii
1318 4865 1453 4984 anguli
1478 4901 1551 4988 per
1567 4871 1837 4988 quadrantem
1848 4870 1919 4954 de-.

796 5033 805 5048 ι
1811 4985 1920 5076 finiti
