4178 5748
11 779 13 860 i

503 626 536 714 P
593 625 636 712 R
688 623 714 709 1
768 613 818 708 M
875 621 915 708 U
970 619 1045 706 M.
1286 624 1439 708 ·111'

158 739 391 840 tricabatur,
421 767 496 858 per
522 742 803 831 rimdetenti,
830 734 1131 834 observationes
1155 765 1207 825 eo
1236 736 1331 830 die,
1359 742 1405 825 dc

155 867 311 982 postero
332 889 448 950 mane
476 861 687 948 habuimus
702 854 856 973 plnres.
885 857 989 944 Mox
998 854 1133 938 multo
1160 851 1406 970 frequentius
1549 961 1552 968 Α

158 982 383 1097 oppidum,
409 979 520 1093 quod
546 976 752 1093 appellant
777 970 1031 1062 Moatecrhio,
1060 967 1409 1081 observationibus

157 1096 420 1213 aptiffimum,
448 1117 540 1188 ante
567 1099 728 1181 noctem
752 1091 981 1192 devenimus
1006 1145 1018 1178 ,
1044 1089 1089 1172 dc
1110 1085 1413 1176 observationes
1540 1121 1542 1126 ·

155 1213 364 1306 habuimus
377 1213 512 1301 statim
526 1209 597 1296 sub
610 1209 734 1324 ipsam
748 1213 937 1297 noctem,
961 1225 1194 1318 opportune
1216 1205 1410 1317 quidem,

157 1355 248 1418 narn
260 1332 539 1444 ingruentibus·
550 1332 697 1416 iterum
710 1327 871 1440 postero
886 1323 952 1408 die
964 1319 1088 1408 effufis
1102 1324 1295 1408 imbribus
1311 1379 1323 1412 ,
1339 1325 1411 1437 qui

157 1447 319 1560 quidem
331 1443 458 1559 longo
469 1444 614 1530 deinde
628 1467 812 1557 tempore
822 1441 1118 1559 perdurarunt,
1143 1437 1271 1524 nullas
1286 1441 1343 1526 ibi
1355 1446 1415 1526 in·
1511 1505 1533 1516 ..

156 1557 530 1651 stituerelicuiffet.
873 1629 878 1638 .

218 1709 311 1785 197.
372 1681 509 1790 Atque
526 1679 594 1764 hic
611 1677 773 1796 quidem
787 1671 865 1762 suit
890 1675 1160 1762 communium
1187 1671 1410 1763 nostrorum
1424 1685 1565 1817 patrm,
1565 1681 1662 1818 5⁰⁸⁶}

157 1797 355 1881 itinerum
380 1789 494 1880 finir.
523 1800 700 1882 Meame
728 1789 1126 1906 publicaMatbeseos
1143 1787 1303 1885 schola,
1334 1794 1409 1876 in,
1424 1769 1662 1900 1„'2¹„'¹;,’„⁸1²„„.'5‘J‚

159 1939 241 2025 qua
261 1906 409 1999 alium,
440 1939 485 1996 ac
510 1912 653 1998 deinde
679 1908 802 1996 alium
821 1907 985 1993 enostra
1000 1911 1206 1992 societate
1232 1909 1330 1992 mihi
1347 1906 1548 1993 smmum.

156 2027 384 2143 perioribus
397 2027 498 2114 binis
513 2031 621 2112 annis
635 2021 755 2112 suffiti
772 2045 1012 2140 oportuerat
1026 2077 1038 2112 ,
1052 2025 1269 2108 revocabat
1290 2029 1416 2110 ‚Mai·
1498 2121 1503 2132 ⁹

157 2141 419 2230 riualiberior
434 2166 548 2228 erat.
582 2152 717 2264 Quare
739 2139 840 2226 illud
865 2139 1144 2228 decrevimus,
1171 2147 1422 2255 utegoqui-,

156 2259 250 2344 dem
267 2257 453 2352 breviore
468 2288 570 2372 gyro
584 2288 656 2374 per
669 2254 1027 2370 Septempedanam
1045 2257 1185 2342 urbem
1208 2255 1250 2336 in
1263 2259 1416 2346 Roma·
1466 2335 1470 2342 .

156 2401 250 2484 narn
269 2373 373 2459 viam
386 2377 544 2460 evectus
561 2433 573 2467 ,
592 2375 675 2482 ejus
691 2367 852 2487 pofitu,
878 2399 999 2484 quem
1012 2375 1183 2455 omnino
1203 2373 1416 2484 ignoraba-

155 2483 486 2581 mumdefinito,
514 2493 689 2578 Romam
713 2488 885 2576 redirem
900 2491 1015 2572 resto
1028 2487 1197 2577 itinere,
1230 2485 1420 2601 ipselon·

155 2607 275 2718 giore
315 2602 527 2718 aliquanto
570 2607 725 2692 ambitu
761 2607 995 2694 circuiret,
1035 2601 1234 2716 reliquam
1263 2607 1418 2691 Picenae

154 2721 382 2808 Provinciae
407 2751 521 2808 oram
547 2720 678 2838 legens
705 2717 776 2807 sub
804 2719 895 2835 ipfis
922 2719 1154 2808 montibus,
1187 2747 1234 2802 ac
1260 2719 1423 2808 demum

155 2838 409 2950 Appennino
439 2840 611 2947 trajecto
626 2841 668 2920 io
699 2835 815 2922 illum
842 2835 1030 2924 evaderet
1048 2836 1247 2920 Hetmriae
1276 2831 1422 2923 finibus

155 2954 409 3058 adjacentem
422 2959 627 3045 tramam,
652 2982 857 3068 perquem
871 2953 1045 3036 Romam
1058 2951 1334 3064 regrederetur
1351 2984 1361 3044 ;
1377 2957 1424 3040 &

154 3067 326 3180 quidem
340 3072 567 3158 Novembri
596 3067 755 3161 mense,
788 3069 899 3173 cujus
922 3095 969 3149 ea
993 3060 1163 3150 secunda
1188 3090 1274 3152 erat
1303 3066 1386 3154 dies
1406 3123 1442 3162 ,⁴

154 3183 416 3298 sperabamus
429 3187 566 3268 omnia
579 3183 671 3269 satis
684 3185 900 3266 commode
921 3176 1074 3264 absolvi
1087 3177 1221 3293 posse.

220 3309 313 3399 198.
375 3302 524 3382 Verum
550 3295 799 3384 incredibilis
822 3316 1015 3411 perpetua
1041 3298 1138 3380 aeris
1164 3295 1425 3402 inelementia·
1452 3331 1563 3384 ruma,
1579 3331 1667 3388 ,urm

151 3406 371 3499 subsecuta
398 3440 538 3498 ranam
565 3409 680 3498 elufit
706 3410 840 3525 spem.
874 3417 960 3526 Ego
982 3409 1146 3524 quidem
1173 3415 1329 3528 postera
1349 3415 1415 3500 die
1429 3409 1549 3538 ''2⁵⁰⁰“
1558 3413 1666 3540 ξᾞε·

154 3527 469 3642 Septempedam
484 3528 638 3614 delatus
663 3557 735 3644 per
748 3530 944 3620 imbrem,
975 3529 1045 3640 qui
1062 3557 1127 3614 me
1143 3532 1183 3612 in
1198 3534 1332 3644 primo
1348 3536 1415 3618 iti·
1430 3501 1535 3616 {22:2⁰2
1553 3582 1598 3636 με
1617 3501 1666 3632 rt:

156 3671 249 3728 nere
278 3645 527 3758 occupavit,
556 3641 856 3751 observationes
880 3643 1037 3754 aliquot
1052 3671 1102 3730 ex
1118 3645 1293 3731 editiore
1318 3638 1508 3736 locotus.

157 3759 341 3852 institui,
371 3760 550 3872 aequiore
574 3755 702 3852 caelo,
731 3785 818 3846 tum
842 3761 935 3846 inde
951 3758 1163 3870 digreffum
1191 3787 1418 3851 montanam

155 3876 221 3962 via
233 3874 480 3991 graviffimus
496 3879 644 3964 iterum
655 3879 786 3964 imber
796 3897 971 3992 occupat
987 3929 1000 3964 ,
1029 3877 1101 3988 qui
1117 3877 1166 3960 ad
1182 3881 1342 3966 nostem
1359 3878 1423 3966 us·

157 4019 234 4102 que
248 3991 488 4103 perdurarit
502 3993 643 4082 effusus
664 4058 675 4078 .
702 3997 786 4080 Vix
798 4023 881 4080 uno
893 3990 1195 4078 aCamerinensr
1213 3997 1312 4081 urbe
1330 3995 1427 4082 mil-

160 4105 252 4190 liari
280 4111 464 4197 aberam,
494 4133 566 4196 nec
582 4133 713 4197 tamen
737 4105 864 4223 ipsam
881 4109 1016 4195 videre
1033 4112 1154 4224 potui
1179 4115 1348 4198 nubibus
1362 4115 1427 4197 ita·

157 4225 329 4309 obrutus
342 4279 356 4316 ,
369 4249 418 4311 ut
430 4227 502 4314 vix
516 4227 718 4339 inriginti
732 4224 855 4339 paffur
869 4247 1029 4338 pateret
1039 4222 1293 4342 prospedtus.
1309 4237 1423 4355 Quo·

161 4339 272 4422 niam
294 4340 372 4446 jam
389 4344 498 4456 aquis
517 4341 750 4430 diffluebam
778 4363 918 4456 totus,
947 4344 1194 4455 pergendum
1221 4344 1346 4437 duxi,
1376 4351 1422 4432 δε

162 4454 204 4536 in
221 4455 447 4544 Romanam
460 4459 564 4546 viam
581 4460 724 4544 itinere
740 4487 786 4544 ea
808 4453 1052 4572 potiffimum
1070 4463 1301 4572 tempestate
1320 4459 1423 4549 diffi·

158 4564 260 4659 cili,
292 4572 336 4656 δι
349 4575 475 4662 dubio
492 4631 503 4666 ,
520 4573 619 4664 evasr
634 4603 764 4688 prope
778 4579 912 4662 vicum
927 4576 1148 4660 viatoribus
1163 4578 1423 4668 notissimum,

157 4712 279 4797 quem
305 4689 446 4779 dicunt
461 4690 677 4781 Seraoalle,
709 4692 813 4777 unde
826 4691 957 4779 citato
985 4686 1099 4776 cursu
1115 4699 1290 4781 Romam
1315 4693 1425 4780 dela-

159 4822 223 4888 tus
237 4799 320 4892 sum
336 4865 348 4901 ,
379 4804 694 4898 &intermissum
709 4808 843 4921 recepi
859 4812 1044 4919 protinus
1060 4809 1234 4894 docendi
1251 4817 1390 4896 munus
1406 4871 1417 4894 .
1553 4813 1555 4822 ’

218 4953 323 5052 ¹⁹9·-
348 5017 353 5025 ,
376 4929 542 5044 Mairiur
559 4921 645 5012 caeli
665 4925 922 5014 inclementia
936 4923 1007 5009 diu
1032 4951 1197 5012 vexatus
1214 4953 1317 5042 aegre
1333 4931 1426 5026 No,-
1485 4947 1490 4956 ’

1269 5043 1423 5138 vembri
