4156 5752
654 625 823 828 leidopii
840 710 889 798 ad
906 597 1059 796 sensdm
1069 595 1168 796 {illl
1185 589 1227 794 ili
1243 591 1481 817 gedloIdjtlsJ
1489 589 1617 802 addus,
1634 708 1911 822 notabautque

653 835 750 918 bina
764 835 915 945 punsta
926 857 1016 914 eum
1031 857 1167 916 arcum
1184 830 1467 916 terminantia,
1492 830 1536 914 dc
1551 851 1642 914 ante
1659 823 1917 913 observatio·
2027 870 2033 887 ·
2067 863 2068 870 Ν

654 979 746 1036 nem
761 954 819 1034 ita
834 949 1137 1034 instrumentum
1154 949 1378 1058 aptabant,
1406 969 1451 1030 ut
1466 941 1579 1032 filum
1596 941 1767 1057 penduli
1777 971 1849 1058 per
1858 943 1920 1030 al·

655 1091 792 1153 terum
806 1069 998 1177 pundium
1013 1058 1195 1151 transiret
1212 1064 1441 1176 quadrantis
1457 1062 1587 1148 limbo
1610 1062 1815 1148 occidenti
1839 1067 1918 1150 ob·

654 1182 796 1272 verso,
825 1211 896 1294 per
912 1181 1082 1268 alterurn
1110 1209 1207 1264 uero
1227 1179 1371 1266 eodem
1384 1177 1555 1266 obverso
1566 1181 1749 1266 orienti,
1777 1207 1825 1263 ae
1841 1205 1917 1290 ope

656 1301 907 1386 mierometri
936 1301 1223 1411 investigabant
1248 1295 1513 1386 differentiam
1538 1297 1672 1411 duplae
1688 1295 1917 1384 distantias

659 1421 802 1504 Zenith
818 1420 867 1500 ab
880 1416 963 1521 ejus
976 1444 1090 1498 arcus
1101 1413 1364 1526 amplitudine
1380 1479 1389 1498 .
1416 1487 1420 1496 ,

425 1535 639 1670 law-lim
677 1591 681 1600 ·
722 1551 787 1631 83.
822 1532 1047 1616 ldem&in
1061 1527 1151 1616 casu
1163 1533 1298 1618 nostro
1313 1527 1399 1616 fieri
1412 1556 1606 1645 poterat,
1637 1529 1824 1616 ducendo
1839 1553 1921 1616 non

408 1631 544 1747 musal
571 1635 645 1748 ild.
662 1681 826 1750 areum,
846 1646 912 1732 sed
938 1653 1089 1734 redunt
1119 1669 1371 1756 tangentem,
1400 1653 1445 1736 dc
1471 1647 1698 1734 aliumendo
1713 1651 1754 1732 in
1772 1674 1818 1730 ea
1832 1675 1922 1759 par-

410 1759 561 1898 dldfffl
592 1791 632 1830 ⁸¹·
665 1793 748 1856 tem
764 1769 1012 1878 aliquotam.
1042 1771 1194 1850 Verum
1213 1793 1264 1848 eo
1288 1771 1414 1875 persto,
1440 1761 1603 1852 sectoris
1633 1765 1776 1850 limbus
1803 1760 1921 1847 semel

664 1908 907 2002 praeparatus
923 1909 998 1994 pro
1015 1885 1133 1967 unica
1147 1879 1256 1964 stella
1272 1883 1312 1964 in
1327 1883 1445 1964 unico
1460 1879 1558 1970 loeo
1572 1879 1819 1968 observanda
1836 1879 1885 1962 us

663 2001 734 2086 elie
751 2001 909 2118 potest,
939 2001 1074 2112 &pro
1090 1996 1176 2080 aliis
1199 1993 1357 2080 delendi
1378 1995 1467 2083 sunt
1492 1999 1635 2084 circuli
1652 1996 1738 2088 ‚vel
1754 2020 1923 2110 tangen-

552 2153 554 2160 t
652 2146 742 2212 tes,
770 2122 814 2203 δι
830 2119 1002 2234 pundia,
1032 2118 1076 2200 de
1094 2114 1190 2200 novi
1206 2141 1282 2226 pro
1306 2110 1469 2226 lingulis
1487 2112 1835 2210 obseruationibus
1853 2142 1925 2226 pa.
2067 2161 2068 2232 ἱ

654 2239 795 2324 randi.
822 2235 962 2320 Libuit
993 2245 1125 2318 autem
1142 2235 1279 2344 potius
1307 2227 1505 2320 seriorem
1529 2233 1706 2324 nostrum
1732 2233 1920 2318 omnibus

650 2375 793 2467 ,aptare
813 2347 963 2438 stellis,
990 2376 1077 2461 quae
1090 2373 1179 2432 non
1207 2347 1379 2434 multum
1395 2381 1417 2434 a
1433 2347 1848 2440 zenitbreoederent,
1878 2369 1924 2434 ut

655 2497 737 2560 eae,
767 2492 854 2579 quae
886 2493 962 2579 pro
987 2466 1095 2549 varia
1105 2466 1201 2556 ¹anni
1226 2465 1466 2575 'tempestate
1492 2470 1667 2580 aptiores
1698 2456 1849 2554 client,
1872 2493 1923 2550 ne

656 2587 846 2672 nimirum
872 2583 1039 2666 animia
1063 2578 1165 2666 Solis
1195 2581 1345 2668 vicinia
1373 2585 1664 2673 obruerentur,
1690 2580 1805 2698 seligi
1832 2576 1926 2697 pos·

657 2701 762 2795 sent,
776 2730 821 2786 ac
836 2720 881 2785 ut
899 2755 908 2786 ,
926 2701 996 2784 ubi
1013 2696 1062 2782 ad
1074 2691 1311 2813 praesentem
1324 2696 1436 2786 usum
1455 2698 1550 2785 etset
1567 2701 1769 2786 adhibitus
1784 2704 1856 2794 ,δε
1870 2697 1927 2784 se·

658 2817 736 2906 mel
753 2817 996 2904 testificatus
1014 2871 1024 2904 ,
1041 2810 1171 2929 poliat
1194 2814 1318 2904 ¹etiam
1343 2819 1608 2930 imposterum
1628 2856 1640 2908 s
1658 2820 1924 2929 ubicumque,
2066 2873 2067 2910 ᾗ

659 2941 704 3022 de
734 2930 1064 3048 quandocumque
1092 2929 1300 3017 adhiberi.
1332 2933 1379 3014 ld
1409 2954 1543 3026 autom
1575 2967 1625 3022 eo
1648 2937 1817 3050 potiore
1841 2937 1926 3041 jure

552 3081 565 3108 ⁰
660 3055 842 3170 praestare
870 3048 1015 3140 licuit,
1044 3047 1156 3160 quod
1183 3047 1236 3148 in·
1252 3047 1337 3160 ipsa
1360 3049 1601 3138 divilionum
1631 3051 1924 3140 refflficatione

662 3169 877 3256 methodus
894 3169 1063 3254 omnino
1092 3161 1228 3253 similis
1244 3188 1339 3252 tuto
1354 3167 1602 3258 admodum,
1639 3174 1681 3254 δε
1704 3166 1841 3254 multo
1869 3165 1925 3250 fa·

665 3285 780 3369 cilius
796 3305 958 3396 poterat
974 3283 1182 3374 adbiberi,
1210 3311 1328 3396 quam
1341 3287 1387 3370 dt
1402 3284 1654 3376 adhibuimus
1669 3316 1681 3378 3
1697 3285 1837 3373 multo
1855 3315 1923 3370 au·

664 3399 1208 3490 temadhuc&accuratius,
1237 3396 1786 3493 &faciliusadbibuiffemum
1813 3400 1922 3484 fiad·

669 3514 802 3602 fuiliet
815 3516 987 3601 circinus
1006 3513 1073 3598 ille
1086 3517 1390 3620 ,vitrisatmatus
1404 3516 1533 3604 altero
1549 3519 1633 3616 fixo
1653 3577 1665 3611 ,
1697 3518 1822 3604 altero
1835 3547 1920 3603 mo-

666 3633 768 3726 bili,
799 3639 844 3720 &
864 3635 1155 3722 micrometro,
1180 3661 1299 3746 quem
1326 3634 1489 3745 quidem
1518 3640 1717 3728 circinum
1734 3627 1919 3749 doleripss

483 3812 486 3821 -
556 3819 559 3827 .
598 3818 601 3828 .
669 3748 873 3864 superius,
896 3747 1589 3864 ,cujurtamenui'umsuppleuimus.

456 3971 459 3976 Ι
722 3884 796 3974 89.
828 3867 1096 3988 Qraerendnm
1115 3863 1168 3956 ¹fit
1183 3891 1245 3952 ex.
1262 3897 1320 3980 gr.
1340 3923 1353 3960 ,
1374 3897 1493 3979 quem
1509 3872 1705 3985 angulumv
1724 3872 1920 3960 innostro

435 4007 651 4100 sumtuum·
668 3979 1046 4072 fedioresubtendat
1073 3983 1326 4076 intervallum
1352 3984 1507 4070 laminae
1524 3991 1711 4087 mobilis,
1745 3991 1858 4104 quod
1869 3983 1921 4072 ad

421 4081 557 4140 ''ww'’
669 4101 798 4188 levam
811 4103 1043 4215 intercipiat
1063 4129 1109 4198 17
1127 4099 1392 4186 enutristi-is
1406 4129 1461 4200 72
1478 4112 1658 4218 partibus
1675 4165 1687 4200 ,
1704 4113 1748 4194 ἃ
1764 4110 1815 4192 ad
1829 4106 1923 4191 dex·

670 4245 800 4302 teram
827 4244 905 4326 13,
931 4247 1025 4306 ‚cum
1039 4245 1208 4329 quarum
1222 4215 1344 4314 ultera
1357 4223 1602 4308 contulimus
1614 4228 1788 4309 Arimini
1817 4217 1922 4337 pofi·
2064 4231 2065 4244 ²

671 4337 864 4436 tionemrs
875 4333 981 4420 Ursae
999 4333 1128 4420 limbo
1137 4335 1355 4419 Occideuti
1369 4335 1540 4429 obverso
1554 4397 1565 4432 ,
1581 4371 1673 4437 cum
1685 4341 1816 4432 altera
1826 4367 1923 4426 voro

667 4451 798 4538 limbo
811 4449 981 4538 obverso
995 4453 1183 4542 Orienti,
1200 4453 1246 4535 dc
1260 4453 1487 4538 distantiam
1502 4458 1668 4572 penduli
1691 4463 1802 4558 abiis
1818 4456 1924 4542 diui·

667 4569 844 4656 fioribus
853 4570 1205 4657 determinavimus
1218 4597 1297 4682 ope
1309 4573 1429 4658 nostri
1446 4580 1699 4676 micrqmetri
1716 4635 1728 4668 ,
1755 4603 1924 4692 promo·

571 4689 575 4698 '
668 4684 933 4800 td‚quantum
949 4683 1924 4797 opuseffet,nostrllamindmubiliitusutlilum

658 4831 760 4888 eum
773 4832 818 4888 ea
835 4799 1024 4890 divisione
1041 4827 1224 4890 accurate
1234 4831 1505 4936 congrueret,
1532 4835 1583 4905 ut
1595 4812 1760 4912 ,imerus
1770 4809 1923 4900 iterum

1803 4955 1931 5044 expo-
