4178 5748
164 683 239 774 sani
254 699 336 770 non
351 679 562 795 paullatim
575 716 626 774 ex
641 716 830 800 aquarum
853 713 1040 778 tumore,
1071 711 1191 800 quarn
1203 682 1286 773 lata
1296 593 1418 780 esicii

163 823 455 918 emergentem,
474 797 540 888 sed
555 801 634 892 sere
651 828 785 894 totam
799 806 910 893 fimul
923 867 934 901 ‚
947 835 993 890 ac
1006 807 1140 916 primo
1153 803 1345 916 quidem,
1372 829 1419 889 ut

164 919 491 1012 mammosam,
514 942 600 1025 tum
613 923 745 1012 multo
757 923 901 1013 clarius
918 983 930 1014 ‚
963 927 1007 1009 dt
1024 925 1145 1006 initio
1162 921 1423 1010 tenuissimam

162 1040 277 1128 instar
291 1037 408 1124 lineae
423 1034 654 1149 cujusdam,
675 1067 761 1129 tum
773 1075 857 1158 quo
869 1042 987 1128 altius
998 1036 1245 1126 ascenderem
1260 1068 1309 1124 eo
1321 1038 1425 1124 dila·

166 1179 291 1244 taram
312 1159 462 1272 magis,
492 1158 622 1242 donec
648 1164 699 1246 ad
726 1158 896 1249 sormam
926 1157 1066 1248 suam,
1097 1161 1205 1242 &ea
1230 1155 1425 1244 redierit,

164 1277 208 1362 δι
227 1272 330 1360 aedea
362 1275 466 1368 illae,
498 1303 594 1393 quas
618 1279 958 1368 commemoravi,
990 1275 1217 1363 &narium
1234 1269 1348 1358 vela.
1380 1270 1431 1356 ld

164 1391 450 1505 phaenomeni‚
482 1398 528 1482 dc
551 1423 630 1509 ego
645 1398 820 1492 iterum,
848 1421 971 1511 ¹atque
997 1397 1173 1482 iterum,
1205 1391 1430 1476 &Mairiua

165 1507 384 1596 admodum
398 1515 535 1599 rnirati
548 1511 856 1628 conspeximus,
876 1518 959 1624 jam
973 1511 1094 1596 altius
1106 1537 1176 1624 per
1189 1499 1331 1592 scalam
1346 1535 1433 1594 eve·

164 1629 250 1719 m,
282 1630 364 1732 jam
377 1627 541 1716 oculum
558 1629 851 1746 deprimentesa
882 1630 946 1717 sed
968 1627 1168 1715 inclinato
1182 1623 1230 1710 ad
1244 1620 1431 1710 occasum

165 1741 261 1834 dic,
293 1751 483 1858 oportuit
498 1747 549 1833 ad
575 1751 804 1836 nostrorum
819 1779 893 1837 nos
918 1745 1158 1858 angulorum
1184 1737 1433 1828 observatio·

167 1886 264 1946 nem
282 1886 546 1956 convertere,
577 1893 677 1979 quos
694 1889 896 1980 utcapere
919 1863 1142 1980 possemus,
1174 1887 1284 1945 aceo
1312 1855 1434 1946 utisi·

165 2003 282 2091 gnm
311 2005 493 2072 carrum,
518 1984 588 2098 qui
604 1979 712 2069 sorte
736 1983 886 2070 ibidem
899 1982 1069 2071 aderat,
1099 1970 1436 2091 locoipsaobser·

165 2097 345 2182 varinnis
359 2095 609 2186 admovimus
623 2155 635 2190 ‚
651 2103 696 2185 dr
709 2099 928 2216 quadrante
941 2100 984 2182 in
996 2125 1087 2184 eum
1101 2097 1268 2184 evecto.
1285 2089 1438 2208 signum

164 2205 299 2322 ipsum
314 2211 532 2302 admodum
548 2215 754 2304 evidenter
773 2212 1079 2332 conspeximus,
1110 2241 1157 2300 ac
1179 2203 1435 2296 observacio-

165 2354 237 2416 nea
257 2329 409 2418 nostras
418 2323 685 2420 absolvimus.

231 2474 325 2546 174
389 2453 521 2538 Porro
546 2451 642 2536 dum
656 2455 707 2538 ab
731 2447 866 2538 altero
894 2450 1029 2563 capite
1042 2445 1177 2536 baseos
1203 2449 1252 2536 ad
1267 2443 1438 2532 alterurn
1453 2499 1680 2573 &ms-‘um

164 2559 442 2652 deveniremus
460 2623 472 2657 ‚
490 2570 636 2682 agitari
654 2590 829 2683 caperat
841 2568 1039 2656 validiore
1054 2570 1172 2652 Noto
1186 2566 1303 2652 maris
1316 2560 1436 2650 unda,
1452 2589 1507 2677 ²¹¹?
1518 2586 1678 2678 pamma,

163 2707 251 2792 quo
266 2680 514 2794 potissimum
526 2711 651 2772 vento
666 2685 788 2774 flante
804 2745 815 2780 ,
833 2687 897 2773 vel
909 2684 1057 2769 Austro
1073 2741 1083 2775 ,
1099 2704 1171 2766 aut
1182 2686 1339 2798 Lybico
1355 2701 1439 2764 tam
1453 2663 1679 2735 ⁶⁰¹¹¹¹f“‘³¹“¹‘¹‘

164 2798 205 2882 in
219 2799 470 2896 Adriatico,
498 2817 620 2916 quarn
646 2807 690 2888 in
700 2805 910 2918 Thyrreno
933 2804 1035 2886 mari
1063 2797 1241 2913 frequens
1259 2795 1439 2885 occurrit

164 2917 482 3028 phaenomenum
508 2921 745 3034 quoddam,
775 2918 888 3034 quod
899 2917 1062 3033 quidem
1077 2947 1154 3030 ego
1180 2913 1265 3029 ipse
1284 2906 1439 3026 saepiffi-

162 3063 228 3120 me
245 3028 442 3146 adspexi,
471 3067 517 3123 ac
533 3066 584 3123 ex
610 3037 755 3122 eodem
781 3067 923 3153 genere
939 3035 1099 3122 videtur
1122 3029 1219 3121 esse,
1252 3056 1299 3116 ut
1323 3027 1439 3109 nimi·

164 3179 263 3238 rum
278 3174 470 3243 extreman
486 3157 867 3266 promontoriorum
885 3209 895 3242 ‚
927 3171 997 3236 aut
1014 3146 1228 3232 insularum
1239 3140 1437 3258 cuspides,

164 3265 287 3352 velut
299 3263 417 3350 elatat
432 3271 575 3352 inaere
592 3323 603 3356 ‚
619 3285 839 3380 appareant
854 3265 970 3382 supra
993 3266 1109 3351 maris
1127 3321 1139 3357 ,
1173 3289 1261 3350 tum
1274 3261 1437 3377 quidem

164 3381 395 3467 admodum
422 3386 567 3498 agitati
584 3383 736 3476 undae,
767 3381 795 3469 fi
822 3411 871 3471 ex
885 3381 974 3501 ipso
998 3380 1228 3496 spectentur
1258 3381 1433 3465 littore,

166 3496 234 3586 vel
257 3493 286 3581 si
319 3500 378 3584 ita
398 3525 567 3588 remotae
585 3496 691 3590 sint,
722 3525 769 3588 ut
791 3501 955 3594 radius,
985 3529 1069 3614 quo
1100 3495 1433 3613 conspiciuntur,

167 3617 292 3702 maris
312 3613 474 3705 dorsum
492 3619 702 3733 perradat;
730 3618 843 3732 quod
860 3617 1022 3734 quidem
1039 3611 1310 3729 spedtaculum
1328 3668 1340 3702 ,
1368 3611 1436 3695 ubi

170 3761 218 3821 ex
233 3731 413 3820 editiore
425 3736 521 3824 loco
535 3737 649 3822 radio
673 3733 765 3824 satis
778 3735 950 3852 obliquo
967 3731 1265 3844 despiciuntur,
1296 3753 1437 3817 evanc-

173 3847 273 3936 scit.
305 3853 364 3938 Ex
377 3856 516 3943 nostro
535 3853 800 3970 phaenomeno
813 3856 944 3944 radii,
975 3852 1045 3965 qui
1061 3847 1201 3963 paullo
1223 3847 1339 3966 supra
1353 3847 1437 3955 agi·

174 3971 253 4054 tati
270 3973 387 4056 maris
414 3969 665 4088 superficiem
681 3969 883 4058 transeunt
901 4031 912 4062 ‚
944 3973 1002 4054 ita
1018 3969 1059 4052 in
1073 3965 1175 4054 larua
1202 3969 1436 4078 intorquen-

175 4109 276 4179 tur,
309 4083 444 4176 nescio
473 4095 739 4205 quo-pacto,
766 4115 812 4175 ut
840 4090 1047 4196 objedtum
1075 4081 1175 4171 visui
1200 4111 1348 4195 corpus
1370 4111 1435 4163 ar·

176 4207 292 4288 etent
316 4205 537 4298 adlatura,
564 4212 780 4294 autetiam
807 4202 981 4322 aspedtui
995 4203 1241 4294 subducant,
1266 4195 1436 4284 nisram·

178 4315 480 4430 plissimorum,
511 4355 640 4439 eoque
666 4329 788 4439 magis
815 4329 999 4412 arment,
1029 4351 1111 4435 quo
1126 4321 1175 4405 ad
1188 4314 1437 4432 superficiem

181 4462 292 4545 aquae
306 4445 470 4555 propius
485 4443 703 4530 accedunt.
731 4439 816 4526 Idsr
832 4445 1068 4554 contingat,
1086 4438 1302 4552 postremus
1316 4438 1440 4519 etiam

180 4565 453 4664 promontorii
469 4589 570 4678 apex
586 4561 863 4650 occultabitur
880 4560 1037 4672 penitus
1054 4611 1066 4646 ,
1083 4584 1128 4640 ac
1142 4556 1334 4642 editiores
1356 4551 1440 4654 ejus

177 4695 317 4782 partes
347 4705 416 4791 per
433 4688 606 4768 tracium
621 4709 670 4766 eo
689 4683 884 4762 minorem
908 4669 1126 4762 introrsum
1151 4672 1262 4760 velut
1289 4669 1439 4752 adactae

176 4787 449 4896 videbuntur,
481 4829 565 4913 quo
593 4801 716 4913 magis
742 4795 1020 4909 consurgunt,
1051 4787 1236 4904 &cuspis'
1257 4782 1439 4917 quaedam

1402 4925 1446 4983 m
