4256 5730
648 615 703 692 '18
997 595 1555 690 O.PUSCULUM

646 711 844 805 accedunt
857 713 1066 807 nonnihil,
1099 716 1161 804 uel
1177 740 1376 832 perpetuo
1388 720 1609 809 recedunt.
1642 721 1917 815 Binosautem

648 835 776 920 adhuc
792 837 963 921 minores
981 834 1187 947 postremis
1200 831 1304 919 hisce
1323 838 1493 949 triginta
1508 841 1615 922 annis
1644 838 1916 951 deprehendit

614 949 859 1069 &adleyus
878 1007 890 1042 ‚
921 979 1094 1064 quotum
1114 951 1216 1039 alter
1233 987 1255 1038 a
1270 953 1440 1068 quadam
1454 943 1615 1039 luminis
1633 958 1914 1050 aberratione,

649 1069 750 1156 alter
780 1073 1029 1167 anutatione
1058 1068 1227 1184 quadam
1255 1075 1337 1159 axis
1367 1097 1507 1158 ortum
1536 1072 1682 1162 ducit,
1711 1099 1913 1184 quoruum

648 1211 821 1301 utroque
848 1181 922 1275 fit,
951 1208 998 1274 ut
1026 1191 1213 1276 distantia
1246 1185 1338 1274 fixe
1367 1185 1577 1296 cujussibet
1603 1185 1813 1294 acujusvis
1832 1187 1916 1278 loci

650 1305 786 1389 zenith
803 1307 1049 1391 mutationes
1070 1329 1284 1422 perpetuas
1298 1305 1461 1392 subeat.
1595 1346 1604 1360 ·

481 1429 636 1542 ,fusty'ffl
712 1435 780 1531 36.
844 1422 998 1506 Horum
1027 1445 1212 1512 motuum
1238 1425 1421 1508 omnium
1447 1420 1519 1508 nist
1545 1429 1823 1540 cognitionem
1850 1423 1923 1514 hu·¹
1988 1491 1989 1496 a

404 1563 487 1602 mu*
516 1549 633 1640 siderum
649 1541 741 1625 beat
756 1543 786 1623 is
810 1537 1054 1627 Observator
1069 1545 1154 1631 ita,
1173 1563 1220 1626 ut
1244 1541 1340 1628 dum
1364 1537 1572 1628 secundam
1593 1540 1919 1632 observationem

404 1627 565 1763 {effidima
585 1646 637 1774 ,ἵξῃ
651 1659 833 1773 peragit,
866 1655 985 1770 possit
999 1687 1048 1742 ex
1061 1657 1256 1762 ejusmodi
1283 1658 1441 1744 theoria
1467 1660 1692 1753 deducere,
1720 1685 1919 1776 quantum

406 1784 492 1834 Μ’·
651 1777 804 1860 interea
823 1777 1016 1887 temporis
1048 1775 1157 1862 stella
1179 1774 1401 1860 illaeadem
1425 1781 1595 1894 aptiore
1613 1777 1687 1864 illo
1702 1781 1837 1864 zenitb
1862 1805 1921 1862 re·

653 1889 834 1986 cesserit,
869 1889 931 1978 vel
960 1892 1009 1975 ad
1037 1889 1163 2008 ipsum
1193 1889 1424 1986 accesserit,
1455 1917 1567 2010 patet
1594 1896 1686 1982 inde
1713 1923 1922 1982 erroneam

654 2011 801 2123 gradus
818 2006 1036 2095 mensuram
1053 2009 1199 2096 deduci
1221 2009 1393 2096 debere.
1420 2018 1479 2098 At
1503 2043 1600 2098 vero
1621 2009 1815 2121 ejusmodi
1829 2040 1921 2096 mo·

654 2131 773 2215 tus&
792 2123 985 2212 Piccardo
1011 2127 1138 2230 olim,
1158 2132 1204 2213 ὃ(
1220 2129 1381 2239 utrique
1396 2129 1582 2222 Cassino‚
1610 2131 1706 2216 dum
1724 2127 1811 2214 illas
1836 2125 1927 2213 suas*

654 2244 850 2356 graduum
879 2240 1077 2332 mensuras
1091 2247 1268 2335 inirent,
1296 2242 1453 2334 fuerant
1479 2252 1614 2360 ignoti
1639 2243 1826 2361 prorsus,
1853 2274 1922 2330 eo-

655 2391 744 2447 rum
761 2385 896 2447 autem
910 2365 1069 2448 ratione
1087 2363 1223 2448 habita
1241 2422 1253 2456 ,
1289 2365 1347 2448 ita
1361 2387 1544 2451 accurate
1558 2360 1730 2474 cujusvis
1745 2363 1861 2450 stellae
1874 2358 1920 2444 fi-

657 2509 717 2564 xae
733 2475 849 2566 semei
873 2475 1093 2569 observate
1109 2479 1220 2568 locus
1234 2511 1311 2595 pro
1338 2479 1419 2567 alio
1434 2485 1576 2597 quovis
1604 2503 1784 2594 tempore
1811 2483 1924 2565 inve·

659 2599 793 2688 nitur‚
819 2594 908 2682 utsr
937 2595 1083 2685 idonea
1110 2601 1368 2686 instrumenta
1396 2595 1548 2689 adfine,
1578 2627 1779 2710 nunquam
1804 2602 1925 2684 bino-

658 2747 742 2803 rum
757 2712 1020 2801 setundorum
1035 2719 1282 2804 minutorum
1304 2746 1417 2801 error
1436 2715 1784 2829 deprehendatur,
1810 2711 1922 2828 quod

660 2838 876 2918 innumeris
904 2834 1135 2950 &Bradley
1161 2831 1306 2947 ipsius,
1332 2835 1658 2950 &plurimorum
1685 2833 1826 2918 deinde
1842 2831 1926 2944 pri-

661 2979 734 3035 mre
749 2971 858 3035 notat
874 2950 1208 3038 Astronomorum
1224 2948 1569 3038 observationibus
1582 2951 1739 3038 abunde
1754 2950 1922 3039 constat,

560 3159 562 3164 λ
659 3093 705 3152 ut
720 3065 890 3181 proinde
905 3065 954 3152 de
974 3064 1058 3152 aliis
1071 3065 1240 3153 ‘fixarum
1253 3066 1465 3153 earundem
1480 3073 1686 3162 motibus,
1712 3097 1800 3180 quae
1825 3060 1926 3170 ejus·

660 3185 772 3267 modi
787 3185 1131 3296 investigationem
1147 3186 1306 3270 turbare
1321 3182 1469 3298 possint
1486 3243 1497 3274 ‚
1529 3192 1669 3281 timere
1684 3213 1764 3270 non
1778 3184 1924 3288 liceat.

453 3342 641 3398 aerariorum
722 3327 790 3408 37.
851 3299 918 3380 Ad
932 3297 1056 3410 ipsam
1071 3300 1214 3384 itidem
1228 3303 1498 3387 Astronomiae
1515 3305 1687 3391 excultae
1705 3300 1926 3415 perfeetio-

416 3421 532 3550 Ὗ,
550 3415 642 3549 ¹¹¹<¹⁶2
661 3445 750 3508 uem
764 3415 944 3528 pertinet
961 3443 1094 3498 earum
1107 3445 1295 3530 quoque,
1324 3449 1418 3531 quas
1433 3417 1690 3505 refradtiones
1703 3416 1925 3530 appellant,

414 3515 588 3640 iiiiii?
660 3529 793 3635 multo
809 3532 1011 3618 acutatior
1038 3532 1348 3622 determinatio.
1376 3541 1486 3622 Dum
1514 3537 1645 3623 radius
1661 3531 1822 3619 luminis
1836 3564 1857 3618 e
1873 3559 1931 3616 ra·

659 3651 767 3734 tiore
784 3648 930 3735 ethere
945 3652 987 3735 in
1012 3681 1142 3739 aerem
1166 3649 1386 3737 densrorem
1400 3655 1655 3769 ingreditur,
1684 3654 1762 3738 iter
1790 3653 1931 3736 detor·

664 3790 761 3878 quet
786 3768 924 3862 suum,
949 3797 1037 3884 quae
1061 3771 1217 3855 itineris
1243 3773 1447 3864 mutatio,
1477 3771 1660 3860 &flexus
1679 3767 1930 3854 refrneiionis

664 3887 829 3972 nomine
842 3889 1128 4004 aphilosophis
1144 3887 1394 4000 appellatur.
1429 3893 1482 3975 Ea
1497 3891 1539 3974 id
1557 3889 1747 4004 praestat,
1772 3912 1819 3973 ut
1833 3885 1930 3970 astra

667 4007 804 4088 omnia
820 4007 1040 4094 elevatiora
1066 4007 1183 4092 nobis
1210 4027 1454 4119 appareant,
1479 4037 1601 4121 quam
1627 4005 1851 4094 deberent,
1882 4030 1932 4086 ac

666 4147 793 4238 prope
805 4125 1065 4211 horizontem
1082 4125 1300 4208 admodum
1326 4125 1489 4236 ingens,
1518 4155 1612 4210 cum
1625 4123 1838 4207 dimidium
1864 4145 1931 4204 ex·

666 4237 782 4325 cedat
798 4241 993 4355 gradum,
1023 4239 1159 4328 senfim
1173 4273 1223 4328 eo
1238 4239 1433 4327 decrescit
1446 4246 1594 4358 magis,
1623 4269 1708 4352 quo
1722 4240 1846 4350 magis
1865 4243 1932 4320 ac-

664 4354 823 4443 ceditur
854 4361 904 4444 ad
930 4361 1089 4446 zenith.
1119 4363 1214 4444 Earn
1239 4383 1392 4445 veteres
1420 4361 1655 4446 Astronomi
1679 4355 1742 4444 vel
1769 4358 1931 4470 ignora·

666 4496 758 4557 runt
771 4481 954 4590 penitus,
971 4477 1034 4562 vel
1048 4485 1191 4592 parum
1208 4505 1359 4564 norunt
1377 4537 1388 4570 ,
1413 4507 1499 4591 quae
1515 4475 1680 4590 quidem
1699 4479 1744 4561 dc
1759 4475 1930 4562 Riccio·

667 4587 778 4674 lio'in
792 4596 933 4708 primis
946 4593 1111 4684 obfuit,
1142 4624 1246 4682 nunc
1261 4599 1319 4680 ita
1343 4619 1555 4708 comperta
1569 4595 1652 4687 est,
1684 4616 1733 4680 ut
1746 4595 1849 4678 citra
1867 4586 1930 4674 ul·

667 4703 748 4790 ium
764 4715 908 4806 erroris
921 4711 1142 4828 periculum
1160 4773 1170 4805 ‚
1198 4718 1267 4829 qui
1281 4712 1445 4827 quidem
1459 4708 1529 4797 sub
1544 4708 1670 4801 seusus
1683 4717 1823 4799 cadere
1838 4703 1932 4821 pos·

665 4821 713 4910 stt
731 4883 743 4919 ,
772 4831 814 4912 in
826 4828 970 4945 exigua
985 4827 1120 4918 saltem
1137 4831 1320 4918 distantia
1335 4861 1357 4918 a
1372 4831 1537 4925 with,
1569 4829 1795 4922 innotescat
1813 4823 1931 5030 .ἶο-

685 4983 689 4989 ·
1804 4965 1838 5029 tr
1868 4971 1932 5031 em
