4256 5730
664 609 724 682 42
1019 587 1118 670 ΟΡ
1147 587 1187 671 U
1218 589 1308 673 S'C
1336 589 1377 674 U
1405 587 1436 674 L
1461 591 1504 674 U
1534 591 1579 674 M

664 701 875 820 hospitio,
907 706 954 789 d<
967 703 1149 820 pluribus
1162 707 1315 792 uicibus
1332 705 1384 793 ad
1396 701 1594 790 summum
1608 710 1759 794 montis
1775 709 1936 824 apicem

669 821 872 932 deduxit,
904 844 1024 938 atque
1039 816 1340 934 observationes
1355 823 1935 939 inffirumtibuspraestotuit.

668 942 765 1027 Inde
779 942 861 1045 jam
885 941 1047 1055 patuit,
1078 938 1187 1056 polle
1202 945 1409 1030 Soractem
1420 961 1632 1034 montem,
1661 942 1731 1054 qui
1750 947 1790 1026 io
1805 941 1940 1030 media

667 1059 840 1174 planitie
856 1055 1020 1172 affurgit
1038 1053 1386 1145 observationibus
1404 1067 1595 1170 perquam
1612 1059 1805 1149 idoneus,
1841 1087 1943 1170 prte-

669 1179 817 1268 reriri,
846 1203 938 1260 cum
958 1177 1089 1289 longe.
1105 1175 1198 1259 inde
1224 1174 1340 1261 ultra
1356 1175 1486 1291 ipsum
1506 1198 1675 1286 pateret
1704 1178 1941 1268 omniade-

622 1327 631 1342 ·
669 1293 883 1384 tianenlir,
904 1291 1217 1380 &viterbium
1235 1299 1386 1382 montis
1401 1300 1583 1386 uasto,
1615 1297 1726 1401 cujus
1742 1291 1948 1388 alterutr-

669 1435 764 1504 tex,
802 1412 920 1498 binos
932 1414 1041 1494 enim
1065 1413 1189 1498 habet
1210 1417 1387 1504 vertices
1401 1412 1576 1520 {adhuc
1600 1415 1773 1526 antiquo
1784 1411 1941 1504 Cimini

656 1533 835 1614 nomine
851 1527 1080 1644 appellatur
1099 1596 1108 1614 .
1141 1529 1345 1614 Indecum
1359 1531 1666 1619 Rornnonivi
1680 1533 1793 1618 Petri
1803 1523 1939 1646 Thule

668 1649 996 1758 primnmhaberi
1023 1645 1199 1758 polseUad
1213 1647 1402 1734 Austrum
1432 1643 1527 1736 satis
1541 1647 1732 1732 idoneum
1762 1646 1943 1759 uimgue

669 1761 753 1866 lum
768 1768 1016 1879 apprrebac:
1046 1759 1264 1849 secundum
1276 1766 1437 1850 itidem
1447 1768 1509 1852 ad·
1521 1769 1695 1852 Boream
1705 1791 1801 1850 curn
1820 1789 1942 1865 smnu-

586 1955 590 1964 .
635 1915 642 1928 ·
669 1903 718 1965 te,
740 1882 908 1995 aliquo,
938 1881 1548 1996 qderntirtalnttramntnlom
1573 1886 1714 1972 urbem
1744 1881 1943 1992 deligare,

669 2029 780 2089 mus,
812 2027 956 2114 exque
970 2003 1015 2085 ὃ(
1030 1995 1597 2088 soritmnfirciminusmons
1613 2059 1626 2094 ,
1645 1989 1868 2110 &illerpse
1879 1997 1943 2104 lu·

671 2113 1171 2230 nutrius'prospictretur·.
1669 2159 1673 2166 ·
1724 2188 1728 2198 ,
1821 2155 1825 2164 ·
1864 2178 1869 2196 ·
1907 2172 1931 2204 ·.

461 2278 510 2328 rr,
535 2265 612 2337 tgnr,
629 2263 657 2316 r,
730 2249 755 2325 8
764 2257 803 2338 5.
861 2237 939 2318 Hic
955 2233 1057 2319 illud
1076 2235 1640 2331 *etiamconsttrutumdnt-,a
1661 2260 1710 2322 nt
1735 2263 1816 2346 pro
1827 2225 1942 2318 ’ωῶ

425 2343 659 2492 {ffllurffi'fjj
673 2380 782 2467 gno,
813 2351 927 2466 quod
956 2355 1394 2444 commemoravimus,
1423 2384 1475 2441 ex
1503 2359 1695 2442 arborum
1721 2350 1841 2436 ramis
1868 2353 1942 2435 ini

425 2506 483 2558 r„
513 2443 544 2556 i,
580 2497 660 2552 „mn
673 2469 829 2558 summo
844 2491 986 2557 monte
1002 2470 1205 2583 quoddam
1226 2470 1341 2558 velut
1355 2475 1718 2586 ingensftugurirrm
1738 2470 1941 2556 construt-

426 2583 546 2713 ssgfj‘ffl
563 2574 657 2633 “ml‘'
670 2610 813 2682 retur,
845 2586 956 2702 quod
974 2586 1038 2672 hic
1051 2589 1216 2700 quidem
1230 2590 1385 2674 nonita
1401 2588 1689 2698 netellarium,
1719 2615 1814 2672 cum
1825 2586 1944 2671 nimi·

494 2694 503 2712 ⁰
673 2733 763 2790 rum
777 2708 820 2788 in
848 2703 1050 2818 quandam
1068 2704 1180 2792 velut
1196 2703 1446 2822 pyramidem
1468 2735 1521 2792 cx
1546 2707 1698 2818 ingenti
1725 2731 1875 2816 atotro
1885 2699 1944 2788 lt·-

671 2823 813 2936 pidum
846 2819 1108 2936 affurgentem
1135 2819 1289 2908 defruar
1316 2881 1330 2916 ‚
1358 2847 1642 2938 opportunum
1673 2845 1808 2912 tamen
1835 2815 1944 2904 lutu-

669 2967 762 3024 rum
794 2961 881 3026 crat
906 2967 919 3029 ;
949 2935 1049 3024 alibi
1075 2962 1210 3024 autern
1240 3000 1252 3035 ,
1277 2943 1348 3026 ubi
1379 2943 1530 3026 montis
1555 2937 1719 3024 dorsum
1746 2936 1945 3050 ampliore

632 3064 635 3076 '
669 3051 881 3170 superficie
911 3053 1178 3146 extenditur,
1209 3079 1300 3143 trat
1324 3057 1491 3144 omnino
1509 3054 1863 3170 pernecelilarium,
1896 3075 1946 3138 ut

670 3173 719 3256 ad
736 3197 893 3262 certum
907 3175 1063 3259 circum
1086 3173 1265 3287 undique
1278 3179 1476 3291 punctum
1503 3172 1799 3286 triangulorum
1825 3166 1943 3254 linere

667 3317 743 3402 per
770 3287 991 3404 teltlcopia
1003 3286 1300 3403 dirigtmntur.
1333 3289 1491 3376 Placuit
1512 3288 1556 3372 id
1572 3291 1725 3376 fiericrt
1750 3289 1942 3374 arborum

666 3408 819 3499 ramis,
840 3405 954 3518 quod
965 3401 1202 3519 plerumque
1217 3406 1340 3519 p'tulo
1355 3403 1457 3492 infra
1471 3407 1810 3492 nudorumttiam
1823 3431 1945 3495 mon-

670 3525 775 3608 tium
805 3527 1007 3616 vertices,
1038 3519 1237 3630 ejusmodi
1267 3524 1443 3607 materia
1471 3525 1594 3638 copia
1619 3523 1754 3608 haberi
1781 3515 1937 3605 soleat.

670 3638 784 3726 Alibi
801 3663 965 3734 autern,
998 3667 1077 3752 pro
1092 3639 1176 3726 loti
1195 3641 1512 3754 opportunitate
1536 3641 1810 3754 quadratum,
1843 3632 1942 3722 alibi

604 3831 607 3842 .
671 3757 882 3868 circulare*
898 3760 1107 3873 tugurium
1123 3763 1355 3844 extrudatur
1378 3759 1458 3852 est,
1487 3756 1571 3844 alte
1598 3756 1731 3842 infixis
1750 3753 1841 3840 solo
1867 3779 1943 3864 ptr

671 3871 804 3988 plures
831 3874 989 3990 palmos
1016 3871 1296 3966 molitoribus,
1330 3899 1451 3989 atque
1471 3873 1685 3976 altioribus
1700 3876 1845 3962 ramis,
1871 3871 1943 3982 qui

671 3989 898 4080 transverso
914 3991 1003 4076 aliis
1031 3993 1175 4076 itidem
1193 3993 1333 4080 ortllir.
1350 4023 1425 4108 ptr
1453 3991 1591 4086 funes,
1622 3998 1667 4078 dt
1679 3990 1816 4077 clavos
1836 4013 1945 4074 *corr*

669 4113 930 4222 jungerentur
943 4112 1030 4200 ita,
1062 4133 1110 4193 ut
1127 4139 1210 4224 quo
1228 4139 1292 4194 ma
1323 4117 1358 4194 is·
1376 4109 1646 4226 affurgerent,
1674 4141 1726 4198 eo
1752 4108 1879 4218 magis
1892 4101 1944 4187 ad

669 4221 899 4312 seinvicem
924 4224 1109 4312 nonnihil
1137 4227 1267 4326 versus
1284 4143 1473 4316 litando
1491 4230 1674 4314 medium
1702 4223 1947 4310 inclinaren-

673 4364 767 4426 tur.
801 4345 854 4428 Iir
867 4343 1140 4459 itadlspolitir
1156 4406 1174 4438 ,
1200 4347 1451 4432 &connexis
1468 4404 1479 4436 ,
1514 4371 1651 4433 totum
1663 4373 1766 4458 opus
1783 4344 1945 4425 tenuio-

671 4462 783 4546 ribus
806 4466 1288 4558 ramirtonvefficbttur,
1316 4496 1362 4552 ac
1376 4464 1583 4554 frondibus
1603 4529 1613 4548 .
1646 4463 1791 4546 Totius
1805 4483 1943 4547 autem

674 4581 828 4690 tugurii
854 4582 1070 4668 crallitudo
1094 4611 1155 4670 20
1181 4587 1344 4671 circiter
1367 4579 1597 4699 palmorum
1617 4603 1732 4670 erat,
1763 4576 1943 4664 altitudo

671 4696 906 4815 plerumque
924 4699 1145 4812 :aliquanto
1176 4706 1337 4808 major,
1367 4725 1415 4788 ut
1439 4699 1560 4814 longe
1590 4695 1943 4816 prospesttntibuss

674 4816 1151 4925 cujuldanrvtlutirditae
1168 4819 1478 4937 turrislptcitnr
1493 4821 1736 4936 ingereret..
1936 4839 1941 4848 '

1744 4945 1811 5024 86.
1842 4881 1943 5020 Por-⁸
