4178 5748
647 589 705 664 m
877 676 880 682 ¹
990 565 1556 658 OPUSCULUM
1989 653 1997 666 .

648 684 756 768 nitur
767 680 809 766 in
823 676 1085 772 transversum
1100 685 1249 774 resesta
1263 681 1421 780 fuerat,
1440 687 1508 775 sed
1522 683 1723 773 obdue⁰tur
1737 688 1905 803 pulvere

623 901 626 907 V
650 795 838 885 senionis
852 828 993 915 margo
1006 831 1089 889 non
1115 806 1358 918 apparebat.
1387 803 1666 923 Qradtantem
1685 809 1841 921 ingenti
1854 806 1915 896 la·

652 919 755 1002 bore
781 913 1011 1004 sustulerant
1026 919 1296 1012 mutariifabti
1321 923 1363 1008 in
1379 951 1464 1010 eam
1482 921 1774 1012 altitudinem,
1791 951 1915 1040 quem

653 1055 869 1148 antequam
883 1028 954 1146 ipfi
970 1035 1152 1126 tabulato
1166 1040 1447 1154 imponerent,
1463 1043 1510 1129 δι
1527 1067 1626 1132 nos,
1643 1044 1688 1128 dt
1705 1043 1736 1122 ii
1753 1039 1913 1126 tabula-

614 1155 615 1158 ‘
648 1146 883 1266 tumipsum
911 1146 1292 1254 conscenderamus3
1318 1183 1411 1240 cum
1423 1152 1559 1258 subito
1573 1155 1697 1271 preffa
1721 1155 1906 1270 pondere

650 1269 759 1353 trabs
785 1264 1129 1382 perurimur,
1161 1273 1573 1388 &penitendiffradta
1604 1274 1690 1368 est,
1719 1269 1911 1362 tabulato

647 1388 797 1495 partim
808 1383 1022 1482 inclinato,
1036 1390 1187 1504 partim
1202 1386 1385 1505 collapso
1403 1458 1413 1477 .
1428 1393 1595 1478 Mairius
1610 1419 1662 1477 ex
1680 1388 1807 1476 altera
1820 1415 1911 1502 par·

649 1519 692 1584 te
718 1499 772 1588 ad
786 1505 942 1592 trabem
955 1500 1109 1594 firmam
1127 1507 1315 1597 verticale
1328 1513 1484 1624 tignum
1503 1509 1674 1596 brachiis
1699 1503 1907 1617 amplexae

651 1612 761 1702 haefit
771 1619 985 1708 incolumis
1002 1653 1104 1740 :ego
1116 1626 1157 1711 in
1168 1627 1321 1733 majore
1333 1626 1516 1740 periculo
1528 1625 1772 1713 constitutus
1788 1649 1909 1710 ,cunr

649 1733 749 1820 mihi
765 1732 896 1821 solum
908 1732 980 1827 sub
995 1743 1163 1858 pedibus
1194 1745 1371 1832 viderem
1383 1741 1611 1835 discedere,
1639 1739 1809 1854 profilui
1834 1739 1909 1821 itu

649 1878 810 1938 murum
822 1859 1082 1966 proximum,
1110 1863 1181 1976 qui
1213 1859 1264 1946 ad
1282 1865 1490 1978 pinnatum
1519 1858 1666 1978 pedem
1694 1881 1914 1973 procurre·

650 1967 721 2055 bat
734 1967 948 2064 nonnihil,
977 1979 1200 2090 &pinnam
1225 2003 1393 2095 utraque
1417 1973 1653 2091 complexus
1685 1972 1780 2062 ulna
1806 1995 1913 2083 aegre

648 2081 873 2196 perieulum
891 2085 1016 2176 evafi.
1038 2096 1154 2184 Fabri
1177 2093 1247 2181 aiii
1261 2095 1345 2190 alio
1365 2093 1653 2213 profiiiverunt
1678 2093 1787 2176 inter
1821 2084 1914 2174 saxa

649 2225 702 2291 ex
721 2200 836 2287 edito
848 2200 937 2289 sane
950 2201 1074 2296 loco,
1104 2239 1178 2296 nee
1191 2209 1348 2306 debit,
1377 2215 1447 2325 qui
1463 2217 1508 2302 ὅ(
1523 2208 1662 2298 vulnus
1678 2205 1912 2320 acceperit.

651 2318 693 2402 Si
712 2344 761 2404 ex
775 2341 939 2406 externa
953 2324 1070 2410 molis
1082 2349 1198 2442 parte
1214 2386 1226 2421 ‚
1241 2325 1563 2440 quaeditissimua
1577 2326 1633 2410 est
1652 2352 1812 2412 murus,
1839 2349 1914 2408 nec

650 2429 805 2546 uspiam
816 2441 1048 2549 procurrit,
1065 2439 1291 2534 tabulatum
1317 2442 1447 2538 firiffet
1462 2444 1732 2544 constitutum
1748 2442 1912 2530 ‚adum

651 2551 822 2634 omnino
849 2575 937 2637 erat
959 2552 1009 2640 de
1025 2561 1169 2662 nobis,
1199 2589 1245 2646 ac
1272 2557 1301 2645 fi
1324 2564 1370 2644 in
1387 2559 1488 2645 illud
1503 2555 1632 2679 ipsum
1652 2553 1909 2645 tabulatum,

652 2664 766 2776 quod
795 2662 939 2753 fornici
968 2671 1154 2768 interiori
1186 2677 1452 2764 imminebat,
1485 2703 1563 2760 una
1579 2670 1792 2764 nobiscum
1821 2699 1918 2783 qua·

653 2779 773 2866 draus
790 2780 925 2872 illatus
942 2789 1023 2895 jam
1043 2787 1197 2888 firiffet,
1233 2790 1344 2879 nulla
1368 2795 1403 2880 ir
1428 2795 1590 2914 quidem
1618 2789 1844 2884 rationein
1868 2813 1917 2874 ea

656 2891 788 2984 subita
813 2901 1316 3021 ruinaservaripotuiffet.

428 3009 642 3070 annotan-
719 3041 812 3126 133.
844 3023 1106 3111 Revocatiaa
1134 3025 1269 3115 subito
1291 3051 1446 3112 terrore
1468 3026 1641 3112 animia,
1671 3025 1914 3138 &reparan-

406 3092 507 3145 tiorrurn
538 3093 565 3148 io
595 3089 645 3147 fla·
686 3132 694 3150 .
872 3136 880 3152 .
1174 3147 1182 3161 ,
1488 3146 1496 3163 .
1612 3145 1621 3162 .
1710 3144 1718 3158 .
1834 3140 1841 3154 ·

407 3131 697 3239 „nammarudt
711 3131 883 3222 tabulati
909 3164 1008 3224 cura
1033 3141 1268 3239 commrffa‚
1295 3141 1596 3230 observationes
1610 3167 1651 3226 tn
1666 3139 1914 3227 ahumdtem

406 3243 642 3381 fflff‘ffibpjff
653 3247 875 3335 distulimus
892 3306 905 3341 ‚
935 3283 1018 3365 quo
1032 3259 1098 3340 die
1111 3257 1409 3352 observationes
1429 3258 1533 3371 ipsas
1549 3261 1599 3343 ad
1619 3285 1834 3370 utrumque
1847 3283 1914 3339 ca·

408 3397 539 3460 uua.
652 3389 729 3478 put
741 3360 915 3470 ejusdem
927 3366 1024 3455 basts
1043 3371 1297 3462 absolvimus.
1315 3379 1410 3460 Haec
1421 3397 1555 3468 autem
1570 3401 1654 3462 erat
1669 3369 1912 3460 observandi

647 3483 782 3572 ratio,
812 3509 931 3598 quam
948 3488 1088 3576 uiui,
1121 3491 1329 3605 &ubique
1342 3490 1487 3578 deinde
1515 3496 1558 3575 in
1570 3491 1805 3578 stationibus
1821 3517 1914 3572 om-

643 3602 761 3690 nibus
795 3601 1016 3690 tenuimus.
1050 3600 1274 3692 Collocato
1299 3611 1475 3722 primum
1508 3605 1732 3722 quadrante
1760 3607 1805 3686 in
1837 3602 1914 3693 fitu

641 3719 832 3836 proxime
853 3717 1104 3808 horizontali
1119 3773 1132 3810 2
1148 3721 1418 3836 dirigebamus
1432 3724 1699 3840 telescopium
1726 3718 1854 3812 fixum
1871 3724 1914 3810 in

642 3834 814 3924 alteram
842 3835 1115 3929 estationibus
1136 3839 1228 3923 inde
1246 3837 1533 3935 observandis,
1565 3838 1831 3954 telescopium
1845 3868 1915 3924 au·

646 3972 732 4036 tem
749 3951 902 4037 mobile
915 3954 956 4032 in
972 3953 1166 4049 aiteram,
1198 3957 1243 4040 ἃ
1263 3954 1407 4044 eodem
1421 3985 1607 4074 tempore
1618 3953 1769 4070 -fing'uli
1782 3951 1913 4075 fingu-

646 4067 782 4152 lorum
799 4065 1118 4187 telescopiorum
1132 4099 1213 4186 ope
1232 4074 1276 4155 in
1304 4103 1366 4159 ear
1389 4073 1732 4164 collineabamus,
1764 4073 1912 4188 nequir

648 4186 804 4296 interea
820 4183 1025 4277 adveniret
1036 4211 1196 4278 motus.
1219 4187 1461 4310 Qradrante
1478 4197 1521 4277 in
1533 4221 1584 4278 eo
1598 4191 1679 4280 fitu
1702 4188 1914 4282 collocato

647 4301 902 4386 mutabamus
934 4303 1233 4424 teloscopium,
1260 4325 1309 4391 ut
1325 4312 1395 4421 qui
1419 4315 1530 4432 prius
1555 4311 1767 4427 perfixum
1791 4303 1913 4396 colii·

649 4419 822 4516 naebat,
849 4420 1270 4536 jamcollinearetper
1292 4427 1468 4514 mobile.
1502 4430 1586 4513 Ubi
1605 4423 1698 4515 satis
1711 4425 1913 4513 constaret

552 4558 581 4611 ,’
646 4529 1910 4662 filateiescopiisinsertaomninostationibusrespondere,an·

648 4646 818 4763 gulam,
845 4679 967 4764 quem
985 4657 1146 4746 mobilis
1171 4652 1309 4770 regula
1334 4659 1595 4754 ostenderet,
1621 4661 1908 4752 aestimabamus

649 4765 748 4853 alter
770 4765 860 4882 post
872 4771 1072 4871 alterum,
1102 4781 1147 4864 dt
1159 4772 1465 4867 estimationem
1481 4769 1660 4877 nostram
1672 4778 1912 4876 confereba-

1819 4925 1908 4992 mut
