4156 5752
458 609 523 718 Q
558 603 620 686 U·
655 601 694 682 A
753 605 795 688 R
853 601 889 688 'l'
945 607 984 688 U
1043 611 1112 695 M.
1336 637 1421 722 223

164 720 396 829 interjacere
422 714 568 808 lamina
594 715 757 804 mobilis
783 718 956 832 amplior
973 717 1064 814 ‚led
1091 750 1163 834 per
1179 745 1310 814 totam
1338 723 1420 814 lere

162 836 455 951 longitudinem
484 831 691 950 perforata
719 835 917 950 ampliore
942 864 1085 929 crena,
1112 843 1311 956 capitibus
1332 867 1421 928 tan·

163 953 378 1058 tummodo
409 953 728 1054 cohaerentibus,
753 957 801 1040 δι
818 956 859 1036 in
874 976 1047 1069 utroque
1061 957 1143 1064 ejus
1158 959 1333 1074 margine
1359 954 1421 1042 le·

158 1070 335 1170 cundum
345 1066 642 1185 longitudinem
656 1070 849 1161 delatrent
862 1070 999 1156 haberi
1014 1071 1132 1187 plura
1148 1070 1340 1164 foramina
1354 1101 1421 1162 ca·

160 1183 430 1283 rascocbleas
453 1187 732 1288 continentia,
762 1187 984 1300 adexiguas
998 1185 1258 1290 aleinuicem
1273 1189 1417 1278 distau-

162 1305 239 1399 tias
256 1369 264 1390 .
290 1305 338 1398 Iu
350 1302 427 1404 litte
442 1324 488 1392 ut
503 1297 808 1393 ino'l‘daberet
825 1304 964 1390 haberi
978 1306 1126 1392 vitrum
1142 1303 1415 1393 firmillimu

161 1418 363 1520 adherens
382 1419 538 1507 laminis
564 1414 678 1512 fixis,
704 1423 744 1504 ln
757 1421 867 1527 cujus
880 1419 1092 1534 superficie
1108 1424 1310 1510 exteriore
1325 1451 1415 1512 ver·

158 1532 221 1622 sur
232 1535 452 1647 marginem
467 1537 703 1625 interiorem
713 1534 991 1650 respicientem
1002 1535 1174 1626 GCellet
1188 1538 1413 1626 sedaliam

158 1647 502 1768 perpendicularis
515 1650 630 1746 alteri
645 1681 717 1766 per
729 1652 907 1742 medium
919 1653 1069 1742 vitrum
1085 1651 1278 1743 traducta
1292 1655 1334 1742 in
1348 1683 1412 1738 ea·

160 1767 256 1852 dem
273 1761 477 1880 superficie
492 1769 533 1850 in
547 1767 770 1855 directione
785 1765 1019 1854 laminarum
1033 1764 1221 1881 ipsarum.
1235 1773 1413 1858 Deberet

160 1904 297 1983 nutem
311 1883 416 1969 intra
429 1879 624 1971 {amellam
638 1879 768 1997 ipsum
780 1882 1088 1998 amplectentem
1103 1885 1153 1971 ad
1166 1908 1242 1971 tres
1256 1907 1414 1974 tantum
1525 1977 1530 1986 ι

157 1999 352 2196 marpioes
367 2054 378 2090 ,
396 2020 441 2088 ut
453 2028 494 2090 a,
514 2001 685 2097 i,&Ol
695 2055 708 2090 s
725 2027 799 2088 nec
824 2021 1101 2086 excurrentem
1116 2003 1157 2086 in
1173 1997 1339 2116 longum
1351 2001 1412 2089 ul-

161 2138 226 2204 tra
254 2113 496 2215 atitud'mem
512 2112 665 2204 laminae
678 2113 862 2208 mobilis,
886 2112 1036 2202 includi
1048 2119 1198 2204 vitrum
1215 2117 1383 2205 alterurn
1401 2175 1412 2208 ,

160 2229 273 2344 quod
287 2259 416 2344 prope
432 2232 650 2345 marginem
666 2255 856 2346 quartum
880 2225 1154 2342 respicientem
1176 2235 1238 2320 Ol
1251 2232 1416 2331 haberet

160 2349 321 2443 rudiam
350 2345 491 2448 lineam
507 2370 666 2450 tenuem
735 2344 1052 2463 rpendicularem
1073 2353 1191 2436 rene
1215 2346 1411 2464 parallelae

160 2463 250 2556 GG:
265 2462 307 2544 in
319 2458 404 2576 ipsa
417 2483 550 2555 autem
562 2462 942 2557 lamelaidvitrum
955 2462 1224 2578 amplectente
1235 2469 1274 2550 in
1288 2469 1364 2556 b&
1375 2497 1408 2558 a,
1467 2563 1475 2579 ·

159 2578 353 2666 deberent
380 2579 518 2676 haberi
545 2577 807 2679 loramiaula,
832 2608 1002 2696 perquae
1019 2581 1174 2668 traduci
1188 2581 1318 2694 pollet
1344 2609 1411 2668 co·

156 2691 285 2784 chlea‚
299 2724 386 2808 quae
399 2697 442 2782 id
457 2701 612 2802 vitrum,
624 2697 854 2786 adnecteret
872 2698 1030 2784 laminae
1044 2694 1187 2791 mobili
1202 2700 1242 2778 in
1255 2725 1300 2782 ea
1314 2725 1411 2808 pro-

157 2813 271 2908 xime
283 2813 466 2909 distantia
478 2817 530 2902 ab
549 2809 620 2908 o‘i'‚
643 2843 721 2929 qua
736 2813 908 2928 opusest
922 2812 972 2910 ad
984 2813 1334 2925 comparationem
1350 2815 1412 2894 in·

157 2925 423 3022 teruallorum
434 2929 636 3043 quaefitam
654 3000 662 3016 .
677 2931 724 3017 Id
737 2929 901 3045 quidem
914 2925 1031 3014 facile
1045 2929 1216 3040 praestari
1230 2925 1359 3042 pollet
1373 2955 1416 3012 o-

153 3071 212 3156 pe
228 3042 469 3135 foraminum
487 3047 653 3134 illorum
667 3044 937 3161 frequentium
957 3047 997 3128 in
1008 3042 1164 3130 luminis
1177 3043 1415 3156 fixistmagis

156 3182 296 3250 autern
307 3187 491 3250 accurata
503 3163 689 3258 distantia
702 3168 887 3251 binarum
900 3164 1098 3246 rectarum
1122 3153 1413 3271 defignatarum

155 3275 205 3368 in
218 3275 322 3367 binis
335 3271 612 3388 superficiebus
627 3277 894 3378 exterioribus
909 3279 1099 3378 birrorum
1114 3281 1315 3366 vitrorum
1340 3279 1415 3362 ob·

154 3390 357 3490 timeretur
384 3419 464 3504 ope
492 3393 669 3484 cochleae
695 3401 729 3486 E
743 3452 757 3490 ‚
780 3423 868 3511 quse
879 3393 1068 3496 laminam
1094 3391 1289 3484 mobilem
1314 3419 1416 3510 pro·

153 3531 370 3598 morerer.
1077 3547 1081 3552 ·

219 3633 287 3710 68.
319 3623 735 3716 Polsetautemetiam
756 3625 834 3714 fine
868 3651 934 3714 tot
964 3623 1224 3716 foraminibus
1252 3624 1543 3720 lamina-wer,
1571 3643 1660 3718 ΜΨ·

6 3833 7 3842 p
140 3769 246 3830 rum
263 3735 435 3840 fixarum
448 3745 506 3830 ita
525 3742 641 3838 inseri
668 3768 792 3860 caput
810 3756 827 3841 r·
840 3742 1010 3842 lamellae
1037 3741 1248 3830 deferentis
1278 3738 1414 3830 socun-
1431 3707 1467 3762 [ω
1481 3704 1661 3760 “mmuh

6 3949 9 3964 ,
156 3859 253 3947 dum
268 3861 421 3944 vitrum
435 3859 589 3950 inflexae
608 3859 826 3952 introrsum
854 3865 894 3944 in
911 3887 1070 3946 trenam
1098 3883 1329 3948 excavatum
1360 3859 1418 3944 lc·

6 4053 11 4108 3
158 3971 335 4077 cundum
349 3973 647 4092 longitudinem
660 3977 813 4086 laminae
839 3977 1028 4068 mobilis,
1050 3984 1230 4091 &caput
1245 4007 1262 4060 a
1277 3980 1416 4062 incre·

6 4191 7 4204 p
161 4119 256 4178 nam
281 4117 332 4175 ex
365 4091 492 4182 altera
518 4119 632 4210 parte
657 4121 920 4192 excestram,
948 4095 1049 4184 utvi
1066 4093 1417 4180 tantumadhibita

7 4213 13 4224 ’
159 4203 289 4317 pollet
302 4208 343 4292 id
356 4213 506 4300 vitrum
522 4241 731 4300 excurrere
746 4242 817 4325 per
831 4213 1023 4298 laminam·
1034 4209 1225 4297 mobilem
1240 4237 1286 4296 ac
1304 4235 1417 4294 acce·

7 4414 17 4438 a
157 4319 439 4428 dereyadaliud
454 4333 605 4422 vitrum
622 4327 701 4419 srne
713 4327 800 4419 ullo
813 4325 1022 4442 spontanei
1038 4349 1174 4411 motus
1202 4326 1413 4439 periculo:

7 4467 11 4476 ·
155 4433 352 4554 pollet&
378 4440 494 4532 aliter
521 4475 601 4558 ope
628 4445 885 4535 cochlearum
913 4444 1130 4556 adstringi,
1159 4447 1228 4532 ubi
1242 4443 1413 4535 liberet:

10 4634 14 4642 .
156 4553 691 4661 ledhaecinnuillesrtsatis.

7 4777 17 4806 μ
216 4693 286 4778 69.
317 4675 449 4788 ,Posset
474 4683 569 4770 huic
594 4683 752 4770 circino
783 4683 827 4766 δι
856 4679 1165 4780 micrometrum
1190 4681 1311 4771 addi,
1339 4673 1414 4764 stuc
1471 4729 1660 4782 mmm„

7 4819 17 4838 t
157 4793 457 4904 inficirculus,
487 4821 533 4888 ut
546 4799 614 4888 ille
630 4793 766 4912 figurae
785 4827 810 4900 7
832 4827 924 4882 cum
949 4797 1101 4884 indice.
1135 4799 1210 4886 Sed
1228 4797 1416 4906 tumqui-
1431 4805 1662 4874 circumimus

7 4957 8 4965 κ
1162 4943 1165 4951 ’
1321 4913 1416 4998 dem
