4256 5730
563 549 594 636 P
654 553 695 640 R
751 547 771 630 1
829 549 876 634 M
932 555 971 638 U
1027 551 1099 636 Μ’.
1409 582 1436 642 2

204 673 249 762 fii
272 666 511 789 opusculum
538 667 789 784 perledium,
819 667 864 751 dt
890 667 1127 755 observandi
1145 667 1390 763 methodos,
1421 587 1466 758 as

206 822 287 879 rem
302 817 470 876 omnem
494 785 596 874 hanc
621 785 857 898 diligentius
870 784 1164 879 consideranti,
1195 785 1296 872 illud
1312 787 1391 876 alte
1407 793 1467 874 in·
1539 851 1543 859 -

203 907 306 998 sedit
332 906 496 994 animo,
529 903 642 1017 quod
670 901 761 986 inde
791 907 990 1015 nunquam
1016 903 1159 990 divelli
1186 909 1358 1022 potuit,
1390 939 1470 992 ma·
1546 933 1549 942 ’

205 1056 325 1144 gnam
352 1021 441 1108 sane
460 1046 617 1134 partem
647 1027 692 1107 δε
722 1019 927 1134 inaequalis
951 1023 1145 1132 graduum
1173 1022 1390 1117 mensurae,
1423 1028 1468 1112 bt

202 1140 408 1258 inaequalis
437 1135 745 1227 isochronorum
771 1135 1036 1253 pendulorum
1061 1139 1328 1255 longitudinis
1354 1142 1473 1228 debe·

198 1269 237 1350 ri
258 1255 442 1373 inaequali
456 1259 661 1370 cuipiam,
695 1261 738 1343 de
753 1255 960 1370 irregulari
976 1260 1222 1344 internarum
1235 1257 1366 1344 Terrae
1382 1288 1476 1372 par·

204 1382 308 1464 tium
323 1377 453 1461 textui
472 1431 484 1464 ,
518 1403 607 1487 quae
625 1374 873 1505 inaequalitas
899 1372 926 1458 fi
943 1373 1165 1488 superficiei
1181 1379 1370 1489 proxima
1395 1375 1474 1468 stt,

202 1492 428 1582 mensuram
442 1495 665 1608 graduum,
698 1492 726 1578 lr
745 1489 882 1608 paullo
907 1491 1023 1577 altius
1039 1491 1151 1579 velut
1167 1491 1343 1584 defossa,
1376 1491 1475 1607 sigu-

205 1644 294 1700 ram
306 1609 417 1696 illam
430 1607 553 1726 ipsam
574 1673 585 1704 ,
617 1641 704 1724 quae
721 1611 863 1696 abrasis
882 1607 1163 1724 asperitatibus
1175 1611 1397 1700 omnibus,
1430 1611 1474 1694 &

207 1730 386 1817 externis
404 1728 738 1841 inaequalitatibus
753 1731 970 1842 coaequatis
986 1731 1230 1818 obtinetur,
1250 1732 1473 1838 perturbet,

209 1876 258 1930 ac
272 1843 398 1932 multa
413 1901 424 1934 ,
441 1874 528 1959 quae
544 1875 594 1932 eo
608 1849 814 1961 pertinent
830 1901 841 1935 ,
873 1842 1069 1958 proposui
1084 1846 1125 1924 in
1138 1843 1411 1931 dissertatione
1423 1847 1474 1932 de

205 1961 380 2048 Telluris
406 1955 533 2076 figura
544 1965 627 2070 jam
655 1967 705 2050 ab
719 1991 823 2048 anno
841 1991 886 2060 17
893 1976 959 2072 38.
988 1959 1065 2046 alia
1079 1962 1120 2042 in
1137 1959 1411 2048 dissertatione
1426 1963 1476 2047 de

206 2079 486 2193 Inaequalitate
503 2083 715 2194 gravitatis
733 2082 775 2166 in
791 2076 949 2165 diverfis
961 2077 1095 2164 Terrae
1115 2079 1217 2166 locis
1231 2105 1336 2164 anno
1356 2105 1477 2180 1741.

207 2196 289 2280 alia
304 2203 346 2278 in
368 2194 642 2284 dissertatione
663 2197 712 2283 de
725 2192 1083 2282 Observationibus
1097 2197 1387 2284 Alironomicir
1409 2216 1480 2284 an·

206 2343 265 2398 no
289 2313 539 2426 1742;quod
570 2316 597 2398 st
624 2315 815 2406 accidat,
847 2342 967 2399 nemo
995 2317 1241 2406 mirabitur,
1274 2311 1301 2397 s1
1329 2313 1480 2398 nullam

205 2454 359 2516 certam
377 2430 507 2546 legem
526 2429 617 2519 satis
631 2454 815 2519 accurate
837 2427 965 2520 servet
980 2431 1042 2518 vel
1059 2429 1281 2548 graduum,
1313 2427 1374 2524 tel
1390 2425 1481 2545 gra'-

76 2581 103 2662 t
206 2551 349 2660 vitatis
366 2549 637 2664 inequalitas.

269 2678 339 2765 46.
399 2673 507 2754 Nam
520 2665 633 2784 quod
654 2672 834 2784 pertinet
861 2671 909 2756 ad
937 2669 1231 2785 inaequalitates
1254 2666 1481 2782 superficiei
1516 2705 1723 2778 nennium.

203 2785 346 2870 Terrae
374 2789 604 2900 proximas,
635 2788 916 2904 concipiamus
942 2808 1073 2874 totam
1091 2786 1264 2874 Telluris
1289 2783 1479 2872 massam..
1494 2787 1551 2842 ⁴⁰¹³
1567 2790 1608 2884 ‚⁵¹¹
1627 2787 1722 2919 pne

204 2903 531 3014 homogeneam‚
562 2934 608 2990 ac
622 2907 809 3019 proxime
839 2903 1099 3022 sphaericam,
1129 2929 1218 2994 turn
1242 2908 1285 2989 in
1314 2906 1397 3010 ejus
1417 2900 1478 2990 su·
1494 2881 1720 3000 sissiniesfii.

203 3018 377 3133 perficie
415 3021 582 3132 globum
617 3023 789 3108 alterum
822 3023 896 3136 ipfi
931 3023 1227 3134 homogeneum
1262 3021 1480 3104 constitua·

202 3165 299 3222 mus
317 3201 327 3220 .
356 3137 580 3222 Pendulum
598 3193 611 3224 ,
642 3167 725 3246 quo
739 3136 1037 3246 pondusculum
1051 3135 1125 3220 filo
1139 3131 1356 3251 appensum
1373 3131 1483 3223 sulli-

204 3271 366 3338 netur,
398 3251 607 3364 urgebitur
633 3254 674 3332 in
690 3248 886 3335 sententia
902 3255 1110 3366 gravitatis
1129 3251 1322 3365 generalis
1345 3249 1481 3368 dupli-

204 3371 250 3454 ci
266 3367 334 3457 vi,
366 3395 534 3480 quarum
560 3367 635 3451 alia
662 3370 846 3453 intutam
861 3369 1057 3462 Terram,
1086 3369 1165 3454 alia
1189 3371 1231 3453 in
1247 3365 1361 3455 illum
1390 3367 1480 3482 glo·

205 3490 308 3572 bum
335 3483 554 3596 dirigitur,
576 3517 621 3572 ac
638 3511 693 3570 eae
718 3485 923 3570 vireseam
950 3485 999 3569 ad
1026 3485 1249 3576 seinvicem
1275 3487 1479 3572 habebunt

208 3606 442 3694 rationem,
472 3629 592 3712 quam
620 3597 913 3690 semidiameter
924 3601 1059 3690 Terrae
1084 3605 1204 3694 habet
1234 3605 1283 3688 ad
1299 3600 1481 3688 semidia-

210 3743 388 3806 metrum
418 3718 557 3832 globi.
590 3722 698 3804 Hinc
724 3721 775 3805 ab
802 3748 848 3804 ea
872 3718 1103 3836 pofitione,
1134 3751 1251 3836 quam
1277 3717 1354 3804 sine
1379 3715 1480 3827 ejus·

212 3835 327 3925 modi
355 3834 484 3950 globo
508 3838 654 3924 habere
681 3836 877 3930 deberet,
906 3835 1144 3928 defleteetur
1160 3837 1378 3956 pendulum
1403 3865 1480 3950 po·
1509 3930 1512 3938 ,

213 3955 378 4041 steriore
393 3958 431 4040 vi
447 4011 460 4044 ,
490 3984 608 4069 quam
624 3953 787 4070 penduli
801 3957 1073 4044 deviationem
1088 3955 1244 4044 calculo
1259 3955 1480 4042 admodum

213 4068 356 4164 sacili,
389 4075 644 4189 &expedito
675 4073 972 4164 demonstravi,
1003 4077 1046 4160 in
1058 4078 1229 4188 globum
1246 4073 1480 4190 proximum

214 4184 304 4274 sore
318 4192 466 4302 integri
483 4189 561 4280 sere
578 4194 725 4278 minuti
742 4255 752 4288 ,
777 4191 804 4274 sr
819 4192 964 4308 globus
978 4189 1047 4278 ille
1063 4192 1399 4280 semidiametrum
1412 4187 1482 4274 ha-

218 4303 313 4389 beat
334 4305 516 4394 milliarii
543 4313 686 4406 unius,
717 4310 898 4426 adeoque
930 4333 974 4414 ις
1010 4307 1276 4400 secundorum
1301 4311 1508 4398 minuto»

221 4447 336 4516 rum,
366 4421 393 4508 si
415 4452 600 4539 quartam
616 4427 797 4515 milliarii
816 4450 972 4544 partem
991 4429 1200 4544 adaequet3
1231 4428 1328 4514 dum
1345 4448 1480 4512 econ·

218 4541 351 4746 prario
364 4545 562 4744 apertatio
575 4544 768 4657 ejusmodi
783 4549 827 4634 in
840 4546 1007 4662 globum
1020 4573 1223 4640 remotum
1237 4549 1316 4633 erit
1332 4543 1382 4630 ad
1398 4535 1483 4620 sen-

235 4683 305 4740 um
330 4685 384 4744 nu
415 4693 460 4750 a.

1251 4863 1253 4872 ,
1275 4805 1347 4880 47.
1375 4723 1483 4860 Iside
