4256 5730
542 521 580 623 P
635 523 679 612 R
735 521 755 610 1
809 521 857 610 M
914 521 954 609 U
1010 519 1086 614 M.

90 653 95 666 '
189 647 240 734 lae
255 625 515 762 posteaquam
539 659 833 730 concreverunt
853 633 1089 730 denlltatem
1102 658 1264 730 mutent
1287 555 1451 733 utrum?

187 792 295 881 que,
327 757 449 866 lirun
465 757 932 872 addanturquaecunrque
955 755 1084 844 moles
1098 783 1377 874 procurrentes
1391 759 1453 849 ul·

189 907 255 972 tra
266 877 385 996 globi
398 869 517 990 iphus
538 871 815 991 superficiem,
842 873 1065 968 dummodo
1079 878 1164 965 brec
1188 873 1321 964 solida
1334 877 1453 966 massa

190 1002 304 1086 circu
329 991 434 1078 illud
457 993 567 1078 idern
591 1013 779 1081 centrum
805 989 1084 1108 aequilibretur
1106 996 1195 1087 ita,
1223 1016 1273 1080 ut
1288 990 1330 1080 su
1384 991 1452 1083 rfi·

191 1116 305 1204 ciet,
333 1133 422 1222 quae
450 1105 621 1198 solidam
642 1130 800 1227 partem
819 1105 986 1196 alluidu
1007 1111 1246 1203 dividebat,
1273 1023 1451 1198 collocor„

190 1225 485 1348 perlletlocm
511 1227 739 1344 eodemque
761 1226 890 1314 modo
904 1223 1069 1314 lluidarn
1083 1221 1196 1314 illum
1220 1253 1378 1343 partem
1392 1221 1457 1312 su-

192 1348 367 1438 stineat,
395 1342 528 1432 nullut
542 1343 701 1432 idcirco
715 1346 756 1430 in
767 1365 859 1432 totu
869 1338 957 1459 ipsa
968 1343 1094 1432 fluida
1110 1342 1229 1430 maffa
1240 1344 1461 1432 motutha·
1494 1371 1523 1418 ‘x

193 1463 393 1555 hebitun
421 1463 533 1570 cujus
543 1461 717 1578 proinde
733 1455 958 1577 superficies
971 1459 1205 1573 sphericum
1221 1459 1351 1550 adhuc
1377 1457 1462 1546 for·

193 1607 309 1671 marn
321 1583 543 1668 retinebit.
572 1581 706 1696 Atque
721 1579 803 1664 hoc
824 1577 989 1692 quidem
1001 1575 1241 1692 argumento
1270 1573 1463 1694 sphaerica

194 1693 419 1784 mariumh
472 1696 817 1789 ruevinccbaturt
844 1692 1079 1780 undeconse
1109 1723 1205 1782 uena
1225 1717 1344 1786 erat,
1372 1693 1465 1781 uni·

197 1808 360 1906 versam
371 1811 427 1900 Te
444 1810 572 1899 lurern
585 1811 783 1929 sphaericae
798 1807 943 1896 itidem
962 1812 1013 1896 ud
1025 1723 1178 1898 senium
1199 1809 1275 1898 effe
1292 1807 1463 1902 formae,

196 1959 295 2020 curn
321 1949 392 2016 tot
414 1931 545 2015 maria
566 1929 646 2018 alia
660 1957 751 2018 curn
772 1925 862 2014 aliia
887 1927 1215 2040 coniungantur,
1240 1931 1287 2015 dt
1303 1948 1467 2013 montet

195 2048 362 2136 nonita
371 2043 546 2134 multum
558 2044 674 2163 supra
683 2045 856 2134 marium
869 2041 1122 2158 superficiem
1135 2043 1363 2157 affurgunt.
1743 2131 1753 2141 ,

263 2174 307 2250 6.
366 2165 464 2250 Huc
479 2164 644 2276 quidem
669 2189 721 2254 ex
740 2157 999 2277 aequilibrio:
1024 2164 1136 2276 quod
1159 2157 1360 2249 autemud
1388 2161 1467 2250 ob·
1506 2159 1707 2236 ‘’wll''

198 2277 451 2368 servationes
473 2283 684 2398 pertinet,
712 2297 929 2368 curvatura
954 2281 1125 2366 mnrium
1149 2280 1319 2394 patebat
1341 2272 1434 2364 sane
1449 2335 1464 2376 ,
1478 2240 1626 2386 ζῇξῗξῖω
1648 2253 1712 2295 ‘²¹⁸'

198 2425 299 2486 cum
312 2394 705 2514 prospectantibure
728 2395 874 2484 littore
896 2390 1271 2513 priuslumnravela
1293 2421 1466 2510 appare·

199 2537 296 2602 rent
311 2571 327 2609 ‚
342 2535 532 2628 tanquam
555 2516 805 2633 emergentia
815 2539 865 2600 ex
880 2510 967 2628 ipsu
992 2541 1123 2626 aqua,
1151 2509 1467 2600 navibuaadhuc

198 2633 301 2749 post
327 2659 520 2745 aquarum
536 2654 793 2720 curvaturam
817 2627 1035 2718 latentibus
1048 2659 1077 2719 ‚c
1095 2653 1182 2718 tutn
1200 2624 1296 2740 ipsae
1322 2651 1469 2720 navent
1609 2669 1611 2676 ¹

201 2747 517 2836 adventantibus
542 2769 717 2838 auterne
739 2747 842 2836 mati
866 2749 981 2864 prius
998 2740 1142 2832 summi
1164 2766 1353 2834 montes,
1381 2767 1471 2832 tunt

200 2862 334 2953 coller
349 2863 616 2961 humiliores,
639 2865 787 2956 deinde
810 2869 923 2952 techa
934 2865 1154 2951 domorum
1166 2862 1211 2944 in
1224 2861 1367 2949 littore
1381 2859 1472 2946 eri-

200 2983 396 3072 llentiurn
421 3017 442 3076 ·,
469 3011 518 3070 ac
543 2985 704 3072 demum
730 3011 869 3072 earum
892 2979 1064 3073 limina,
1093 2981 1142 3066 dt
1166 2975 1286 3063 littus
1308 2973 1467 3087 ipsum.

198 3094 300 3214 Ipsa
330 3120 549 3186 curvatura
574 3102 621 3184 δε
655 3103 699 3184 iu
728 3101 830 3184 mari
858 3155 872 3188 ,
907 3100 954 3180 dt
974 3099 1020 3176 in
1040 3092 1207 3177 Tellure
1243 3089 1473 3178 deduceba-

198 3221 440 3299 turex'em
468 3211 582 3322 quod
593 3213 677 3296 iter
698 3209 943 3296 habentihur
964 3203 1106 3320 polum
1132 3199 1295 3297 versus,
1322 3203 1466 3296 stellet,
1495 3315 1500 3322 ο

196 3355 287 3444 que
298 3323 406 3440 polo
415 3317 765 3440 propioreasunt,
793 3323 1039 3439 apparebant
1048 3345 1253 3436 perpetuo
1264 3318 1471 3409 sublimio·

197 3473 299 3535 nes,
328 3441 375 3526 δι
390 3442 443 3527 ab
463 3440 682 3528 horizonte
697 3441 827 3556 magis
846 3436 1043 3532 elevate,
1071 3436 1193 3531 aliis,
1222 3458 1347 3555 atque
1376 3438 1468 3526 aliia

200 3556 326 3650 stellis
339 3554 444 3672 polo
455 3558 722 3672 propioribus
734 3554 1030 3644 transeuntibus
1051 3581 1123 3670 per
1138 3553 1227 3642 caeli
1242 3556 1472 3650 verticem,

204 3687 328 3792 'quern
352 3674 494 3761 zenith
518 3675 713 3771 dicimus;
740 3677 823 3762 iter
848 3695 986 3761 autem
1008 3671 1246 3762 habentibus
1270 3676 1472 3762 orientem

207 3789 341 3998 persus
356 3843 369 3884 2
383 3791 484 3886 Sol,
512 3793 558 3880 dt
581 3794 721 3880 omnia
741 3786 871 3882 hdera
891 3793 1014 3881 citius
1026 3793 1233 3890 orirentur
1252 3846 1268 3884 ‚
1297 3794 1343 3880 dt
1358 3791 1476 3904 occi·

240 3935 382 4002 erent.

266 4057 311 4128 7.
370 4029 522 4116 Verum
551 4056 602 4118 ex
624 4027 732 4120 hisce
746 4035 1020 4145 argumentis,
1050 4031 1098 4118 dt
1122 4028 1378 4118 crallinribut
1400 4031 1477 4118 oh·
1528 4043 1725 4119 rothbald-

210 4143 507 4235 servationibur
519 4169 732 4236 curvatura
745 4149 925 4262 qnaedarn
940 4149 1230 4236 tantummodo
1243 4149 1390 4236 deduci
1404 4147 1571 4269 pugg?
1591 4141 1645 4180 ”⁰¹¹
1665 4125 1726 4180 ”¹⁴

212 4285 319 4352 terat
344 4263 536 4352 terrestris
552 4261 805 4382 superficiei,
833 4263 1124 4384 nonsphaericu
1148 4262 1279 4354 forma
1301 4270 1477 4359 ‚immo

94 4415 96 4422 ·
217 4403 399 4468 veronec
412 4381 569 4468 circum
591 4379 833 4470 orbicularis
846 4407 1099 4500 utcumque,
1124 4411 1245 4498 quarn
1263 4388 1317 4474 ab
1339 4387 1477 4472 orien-

218 4514 262 4582 te
278 4497 322 4581 in
342 4497 598 4586 occidentem
611 4501 777 4616 integro
797 4531 903 4619 gyro
913 4501 1048 4589 redire
1071 4504 1115 4588 in
1128 4505 1272 4593 orbem
1297 4525 1387 4591 turn
1405 4496 1477 4580 de·

208 4639 329 4732 ntum
349 4615 582 4704 immediata
604 4613 892 4707 observatione
914 4619 1132 4716 constitit,
1160 4645 1254 4706 cunr
1278 4619 1476 4705 detecta,

211 4732 345 4824 tribus
358 4731 522 4826 circiter
535 4734 692 4828 abhinc
707 4731 859 4827 saeculis
868 4739 1059 4826 Americu
1072 4760 1189 4828 totus
1203 4759 1398 4825 tertarum
1409 4756 1482 4936 pp·

923 4857 1022 4940 At
1450 4845 1484 4931 is
1581 4912 1585 4918 .
