4132 5766
427 603 567 724 QLU
625 597 858 714 n‘Rffr
915 605 954 689 U
1013 603 1086 687 M.
1313 633 1398 715 297

142 715 348 836 quodum
360 717 623 834 excogitavi,
648 711 745 800 satia
757 741 941 805 accurate
952 717 1162 834 perficeret
1181 775 1192 812 ,
1210 718 1402 838 nusquam

141 861 230 926 aute
260 837 527 952 quadrantem
551 833 644 948 post
671 828 970 923 observationes
1002 835 1085 923 fere
1113 867 1253 924 omnes
1280 847 1394 953 peras·

139 963 218 1046 aas
232 959 491 1071 reportatum
508 954 551 1034 in
564 952 714 1036 Urbem
727 952 896 1040 idoneus
913 953 1078 1044 Artifex
1097 958 1154 1044 est
1184 960 1395 1045 inventus.

192 1102 287 1182 209.
322 1074 432 1158 Hinc
448 1063 672 1184 superioris.
687 1073 840 1156 numeri
871 1073 1071 1166 methodo
1085 1071 1139 1158 usa
1156 1071 1320 1172 sumus,
1347 1080 1394 1164 dc
1409 1093 1543 1188 uarium
1565 1095 1641 1154 alhi-

134 1189 287 1310 semper
300 1183 586 1278 observatione
608 1188 747 1299 quavis
760 1194 952 1302 peradla,
981 1188 1152 1280 seorsum
1171 1222 1221 1280 eu
1234 1197 1392 1281 ratione
1408 1171 1642 1312 mm&

135 1312 243 1396 iuter
257 1310 365 1430 Q,
384 1309 471 1394 VR,
500 1301 566 1392 vel
596 1307 666 1388 ubi
680 1311 876 1418 pundlum
903 1313 931 1394 S
944 1307 994 1393 ad
1008 1308 1179 1398 alterum
1195 1339 1217 1396 e
1233 1316 1392 1428 pundris
1410 1349 1488 1384 nem·
1630 1315 1643 1396 &⁴

136 1431 212 1548 Q
237 1432 272 1516 R
296 1425 481 1539 proxime
494 1421 730 1518 accederet,
760 1428 1222 1516 erationeinttrarcum
1249 1409 1593 1536 circuli'²b·³’”·³·

136 1544 383 1661 superioris,
411 1538 674 1628 &inferioris
701 1541 844 1628 eodem
860 1548 1016 1656 pontio
1038 1545 1322 1634 aestimabamus
1337 1549 1396 1635 sea·

136 1661 583 1758 cundorumuumerum
602 1712 615 1748 ‚
648 1682 736 1744 tum
749 1660 1032 1766 aestimationes
1048 1664 1200 1750 nostras
1215 1665 1402 1754 confere*

137 1784 304 1870 bamus,
331 1782 373 1864 in
390 1779 541 1888 quibus
550 1775 786 1890 plerumque
801 1775 1147 1866 consentiebamus
1166 1781 1273 1868 intra
1284 1785 1398 1874 duo.

136 1897 200 1986 vel
215 1893 504 1984 obsecunda,
532 1891 826 2007 velaliquando
840 1895 891 1980 ad
907 1893 1102 1984 summum
1120 1921 1141 1998 ς
1164 1927 1239 1988 ης
1254 1903 1323 1987 ubi
1342 1897 1400 1984 sa.

135 2019 195 2104 tis
204 2011 548 2102 consentiremus,
575 2009 855 2127 alllrmebumru
869 2011 1247 2104 determinationem
1276 2020 1400 2102 inter-¹

137 2133 340 2224 mediam
370 2126 762 2220 ubidiffeususerat
790 2125 999 2240 aliquanto
1027 2133 1185 2240 major,
1220 2138 1399 2221 iterum,

137 2274 259 2364 atque
275 2252 422 2334 iterum
437 2243 545 2332 lente
562 2246 743 2334 adhibita
752 2248 949 2352 judicium
976 2251 1156 2336 nostrum
1180 2253 1400 2339 revocabas

136 2399 224 2456 mus
240 2366 297 2454 ad'
306 2395 497 2456 examen,
528 2393 607 2478 qua
632 2365 847 2478 diligentia
864 2365 1049 2452 offedium
1065 2367 1149 2462 est,
1181 2393 1228 2456 ut
1262 2369 1399 2486 exigui

137 2484 359 2574 admodum
387 2511 437 2568 ex
447 2514 497 2571 eo
511 2484 646 2598 capite
662 2479 858 2572 errorculi
875 2484 916 2570 iu
931 2484 1079 2572 nollras
1096 2486 1399 2578 observationes

135 2605 353 2722 potuerint
368 2607 600 2720 irrepere..=
658 2681 665 2690 .
783 2681 788 2690 .
852 2683 855 2690 .
925 2668 929 2677 .
970 2675 1002 2688 ..
1058 2667 1062 2678 .
1118 2680 1123 2688 .

150 2771 158 2780 ·
194 2753 296 2812 210.
330 2724 598 2834 Hocquidem
608 2726 808 2827 judicium
832 2732 875 2811 iu
887 2724 1047 2840 lingulis
1062 2723 1300 2838 angulorum
1315 2720 1384 2808 de·
1407 2707 1641 2844 ffffl‘lsss‘g'ff

133 2840 497 2930 terminationibus
515 2834 633 2922 semel
652 2862 814 2924 tantum
828 2843 1111 2926 instituendum
1145 2843 1262 2926 nobis
1276 2835 1353 2922 fuit
1370 2894 1383 2931 ‚
1398 2871 1478 2938 *gaus
1510 2866 1632 2925 otram.

133 2959 339 3047 methodo
351 2955 532 3042 adhibita
546 3012 558 3046 ‚
573 2964 663 3069 quae
675 2957 979 3044 testificationis
994 2987 1157 3074 quoque
1171 2956 1353 3044 laborem
1376 3011 1389 3048 ι
1408 2944 1524 3086 {1me
1546 2945 1635 3005 '‘“s‘

134 3080 184 3164 dt
200 3079 347 3160 erroris
357 3095 512 3160 metum
523 3077 565 3156 in
582 3075 877 3162 refflficatime
902 3075 988 3189 ipsa
1016 3077 1224 3161 imminuit
1240 3077 1393 3162 mirum

137 3197 183 3278 in
204 3191 394 3276 modurn.
425 3194 613 3278 Namubi
628 3195 789 3278 diredlo
804 3191 1032 3305 telescopio
1049 3192 1134 3279 fixo
1163 3189 1394 3280 inaltetum

138 3311 354 3419 objedtum
366 3366 379 3399 ,
392 3308 437 3392 dr
454 3305 601 3394 mobili
616 3309 659 3389 in
672 3308 857 3404 alterum,
869 3308 1099 3396 videbamus
1115 3367 1128 3402 ‚
1142 3313 1212 3424 qui
1227 3311 1395 3425 angulus

136 3427 331 3544 proxime
347 3429 596 3513 obtenturus
620 3423 742 3517 effer,
775 3425 1074 3514 collocabamus
1088 3426 1268 3544 regulam
1302 3459 1396 3516 mo-

136 3543 401 3637 bilemita‚ut
412 3543 516 3628 linea
531 3546 627 3630 vitri
644 3544 830 3662 tranfiret
843 3568 1028 3631 accurate
1041 3574 1115 3660 per
1128 3547 1292 3648 initium
1304 3574 1396 3658 gra·-

141 3662 216 3748 dus
235 3665 496 3775 proximum,
526 3689 612 3774 quo
626 3664 809 3776 praestito
842 3665 1100 3748 movebamus
1131 3689 1267 3750 totum
1295 3689 1397 3774 qua·

139 3778 337 3868 drantem
348 3781 436 3870 ita,
466 3798 515 3863 ut
540 3773 959 3866 intersefflofflorum
1001 3774 1210 3890 telescopii
1230 3777 1394 3866 mobilis

140 3892 330 3985 tranfiret
345 3927 417 4014 per
435 3895 606 3984 alterum
628 3898 860 3985 ubicolam,
892 3926 939 3981 ac
960 3892 1169 4010 telescopii
1196 3893 1266 3986 fixi
1282 3894 1396 3982 filum

8 4019 11 4110 ἶ
147 4015 303 4104 mobile
316 4027 332 4116 (
341 4013 454 4130 quod
469 4037 516 4100 ut
529 4011 654 4128 plano
669 4013 902 4126 quadrantis
913 4011 1247 4129 perpendiculare
1265 4013 1360 4102 elset
1380 4070 1394 4104 ‚

8 4195 12 4245 3
142 4135 224 4216 rite
239 4136 574 4222 conuertebamus
589 4153 727 4218 totum
748 4134 1054 4218 micrometrum
1083 4133 1126 4212 in
1153 4129 1243 4242 ipso
1259 4127 1396 4216 obser-

8 4245 11 4296 ἒ
146 4249 270 4333 vandi
284 4252 434 4341 initio,
466 4279 511 4335 ac
526 4249 665 4338 aderat
678 4277 849 4362 perenne
863 4244 1045 4362 fignunh
1077 4275 1162 4358 quo
1182 4279 1227 4333 ea
1242 4242 1395 4362 positio

9 4353 18 4382 ¹
144 4363 451 4474 dignosceretur
466 4376 482 4467 )
497 4366 627 4458 donec
644 4367 683 4448 in
696 4368 779 4472 ejus
794 4361 1076 4452 intersedtione
1092 4391 1184 4450 cum
1220 4363 1294 4450 filo
1311 4361 1399 4452 fixa

144 4477 222 4564 srbi
234 4481 557 4595 perpendiculari
572 4481 742 4570 alterurn
775 4485 981 4589 objedtum
1000 4477 1123 4566 effer.
1157 4479 1263 4566 Tum
1294 4509 1394 4570 vero

146 4595 300 4709 regulae
320 4597 481 4686 m'obilis
494 4596 830 4714 telescopiumita
849 4600 1104 4688 movebamus
1126 4653 1139 4687 ‚
1172 4624 1218 4686 ut
1248 4602 1330 4706 ejus
1345 4595 1407 4680 fi··

9 4767 17 4832 μ’
147 4715 288 4804 lorum
308 4713 542 4806 interfectio
571 4716 620 4802 ad
649 4716 758 4804 idem
783 4718 988 4824 objectum
1017 4715 1243 4832 appelleret
1265 4714 1399 4822 adhuc,
1428 4740 1430 4743 ’

149 4836 349 4924 inuadem
358 4834 496 4952 priore
510 4827 1043 5037 interlestionepperlistens,
1074 4839 1120 4922 dc
1152 4835 1392 4965 notabamus

853 4979 883 5066 P
1351 4974 1395 5038 ¹¹¹
