4132 5766
462 599 1117 730 QU·'ARTUM.
1329 617 1430 691 ‘261

168 728 273 809 ciam
301 740 467 808 notante
491 723 702 829 juberetur
731 719 1053 810 meramnum,
1090 715 1305 832 aliquando
1333 743 1447 808 vero·

168 843 356 925 movebat
373 838 456 953 ipse
485 835 725 930 cochleam,
753 842 799 923 ὅ(
825 835 1003 926 silebat,
1035 839 1104 922 ubi
1127 839 1434 948 congruentiam

166 953 431 1042 observasset.
465 960 632 1062 Semper
662 979 797 1039 tamen
826 953 928 1040 alter
957 951 1301 1064 observabatpost
1339 952 1434 1037 alte·

164 1101 283 1162 rum,
299 1073 345 1155 dt
360 1068 593 1157 observatio
608 1068 792 1183 pluribus
809 1073 963 1158 vicibus
996 1073 1244 1156 iterabatur,
1275 1069 1435 1155 assume-

162 1191 374 1300 baturque
389 1189 566 1275 medium
594 1215 646 1272 ex
665 1190 849 1275 omnibus
866 1183 1213 1273 observationibus
1231 1242 1242 1274 ‚
1269 1215 1433 1300 quarum

158 1301 370 1417 pleraeque
383 1305 491 1390 intra
503 1301 681 1390 duas,vel
699 1326 780 1391 tres
798 1301 1017 1420 particulas
1034 1305 1310 1414 congruebant
1327 1305 1434 1386 inter
1556 1363 1561 1370 -

160 1417 228 1511 se,
259 1423 449 1506 nimirum
478 1419 714 1506 discrimine
738 1423 799 1508 vel
816 1449 896 1508 non
910 1420 1062 1525 majore
1094 1445 1180 1502 uno
1204 1423 1366 1506 minuto
1380 1417 1434 1504 se·
1559 1443 1564 1450 ·

163 1539 329 1628 cundo,
360 1535 424 1622 vel
439 1540 563 1623 etiam
575 1535 754 1622 minore.
785 1543 895 1653 Saepe
912 1562 1046 1624 autem
1061 1533 1221 1620 &alios
1246 1535 1432 1620 adhibui·

163 1681 251 1738 mus
266 1654 615 1738 determinationis
631 1652 743 1740 testes
758 1713 770 1746 ,
783 1659 853 1769 qui
869 1652 977 1742 sorte
991 1651 1192 1743 adessent,
1220 1653 1431 1738 nobiscum

164 1764 641 1866 itidemconsentientes.
680 1767 1015 1858 Observationem
1032 1763 1260 1876 hujusmodi
1293 1767 1429 1855 multo

161 1887 287 1970 etiam
301 1886 498 1971 tutiorem
511 1887 709 1972 reddebat
724 1883 930 1979 occlusum
945 1883 1204 1976 cubiculum,
1231 1887 1317 1970 &a
1342 1907 1430 1970 ren·

166 2023 305 2088 torum
322 2001 578 2090 viimmune,
606 2003 719 2117 quod
747 2012 919 2089 maxime
944 2002 1163 2090 carendum
1198 1996 1303 2092 suit,
1336 2028 1429 2090 cum

159 2139 420 2234 compertum
451 2121 570 2205 nobis
593 2117 718 2204 fuerit
746 2119 1087 2206 vehementiorem
1110 2112 1429 2232 etiamgrespira·

164 2237 324 2319 tionem
338 2235 520 2320 nonnihil
547 2263 805 2322 commovere
828 2233 996 2352 penduli
1013 2234 1151 2321 filum.
1187 2237 1296 2348 Saepe
1325 2263 1426 2322 vero

161 2352 282 2435 nobis
310 2355 487 2466 contigit
520 2353 668 2439 relicto
686 2352 951 2440 instrumento
979 2351 1135 2466 regredi
1165 2352 1255 2464 post
1287 2348 1426 2465 plures

164 2466 315 2556 horas,
347 2465 550 2554 &lamina
565 2494 757 2585 promota
772 2531 784 2564 ,
799 2471 931 2558 donec
957 2467 1097 2554 divisio
1110 2494 1202 2554 cunt
1229 2465 1303 2552 silo
1324 2495 1424 2554 con·

163 2605 332 2784 §rueret
350 2587 541 2675 ,eundem
554 2585 714 2701 prorsus
727 2589 905 2675 invenire
922 2611 1160 2675 numerum,
1183 2578 1307 2696 'usque
1322 2583 1424 2667 adeo

194 2705 291 2785 rmis
320 2701 501 2789 innixum
529 2699 666 2790 fulcris
683 2707 985 2790 instrumentum
1019 2701 1088 2786 diu
1114 2697 1317 2813 perstabat
1346 2702 1423 2782 im·

163 2816 353 2904 mobile.
1234 2839 1238 2848 ’

230 2949 322 3045 138.
355 2939 541 3049 Cognito
569 2965 737 3027 numero
764 2931 1095 3028 converfionum‚
1126 2939 1172 3023 δε
1204 2929 1673 3058 particula7„,4.01,m.,.

154 3077 253 3134 rum
264 3057 282 3142 ',
295 3053 439 3161 quibus
447 3055 729 3166 promovenda
748 3081 836 3142 erat
860 3053 1008 3140 lamina
1021 3051 1213 3144 mobilis,
1244 3076 1291 3138 ut
1308 3049 1421 3138 filum
1435 3059 1476 3112 ¹¹²
1503 3053 1629 3191 affl
1647 3059 1673 3110 ὓ

155 3163 331 3274 'penduli
345 3195 438 3250 cum
451 3165 546 3256 data
557 3171 754 3258 divisione
770 3191 1049 3288 congrueret,
1077 3171 1317 3256 &correcta
1339 3137 1556 3272 me-‘l''⁴'''
1631 3165 1642 3186 ⁶

164 3279 335 3368 rhodis,
355 3310 450 3393 quas
468 3280 547 3371 fuse
559 3281 846 3398 exposuimus,
872 3288 1044 3392 cujusvis
1064 3283 1265 3374 divisoris
1277 3283 1422 3372 distan-

161 3397 226 3480 tia
240 3425 262 3480 a
278 3401 442 3510 medio,
469 3401 549 3507 jam
560 3403 780 3490 habebatur
796 3427 988 3519 tangens,
1019 3430 1109 3516 quae
1137 3401 1352 3490 exhibebat
1363 3401 1425 3486 di-

158 3513 347 3598 stantiam
361 3517 534 3602 a'z'enith
549 3547 628 3604 non
643 3523 865 3606 correctam
880 3547 951 3635 per
964 3519 1238 3610 deviationem
1250 3523 1337 3606 axis
1364 3542 1426 3634 te7

159 3624 375 3742 lescopiia
397 3633 512 3720 radio
530 3631 696 3722 sectoris
721 3633 1043 3750 cognoscendam
1075 3631 1340 3722 conversione
1368 3629 1427 3717 se·

158 3749 308 3839 eloris,
324 3770 371 3833 ut
385 3742 503 3862 supra
515 3751 656 3835 itidem
670 3751 725 3837 est
737 3751 962 3866 expolitum
978 3812 990 3845 ‚
1021 3748 1275 3860 &ejusmodi
1291 3775 1426 3841 corte·

156 3863 493 3958 &tioneadhibita
515 3865 737 3954 habebatur
750 3863 935 3955 distantia
951 3869 1055 3954 Fixa
1082 3865 1254 3954 azenith
1285 3896 1425 3954 torre·
1544 3961 1546 3966 ,

153 3981 239 4067 'dtu
256 3979 301 4066 δε
312 3977 555 4096 respondens
569 3986 746 4098 tempori
760 3980 1067 4079 observationis,
1087 3981 1316 4093 cujusmodi
1330 3971 1423 4070 sunt

158 4119 244 4186 eac,
269 4121 355 4207 quae
381 4099 576 4184 habentur
599 4101 642 4185 in
671 4098 828 4188 tabellis
856 4099 1040 4216 opusculi
1060 4101 1253 4188 secundi.
1283 4100 1339 4184 Ea
1364 4122 1424 4185 ta-

159 4233 252 4292 men
280 4212 406 4298 adhuc
424 4217 608 4332 indigent
631 4222 885 4303 correctione
900 4215 1181 4309 telamonis,
1208 4217 1427 4332 quaecaele·

154 4321 230 4410 stia
243 4329 467 4416 obiectaita
481 4333 641 4423 elevat,
670 4356 716 4418 ut
730 4336 772 4415 in
786 4335 939 4447 exiguis
954 4335 1149 4419 distantiis
1167 4331 1343 4421 azenith
1357 4333 1425 4421 ha·

9 4521 16 4556 ¹.
154 4441 326 4528 beantur
339 4475 416 4562 pro
430 4448 587 4563 fingulis
600 4448 793 4564 gradibus
815 4449 964 4565 lingula
980 4446 1164 4539 secunda,
1193 4452 1336 4564 quibus
1354 4481 1423 4536 au·

9 4669 11 4678 ᾗ
152 4559 735 4671 'genuaettdistantiaazenith
752 4564 988 4655 observata,
1020 4567 1271 4656 uthabeatur
1300 4595 1420 4656 vera.

9 4681 17 4766 ᾳ
154 4675 230 4762 Sed
249 4677 293 4764 id
318 4690 574 4793 augmentum
600 4679 688 4768 fieri
706 4683 841 4798 potest
854 4685 949 4797 'post
978 4703 1115 4771 omnes
1134 4685 1417 4769 redueeiones.

9 4792 14 4804 '
213 4825 304 4909 139.
338 4801 693 4892 Hancdistantium
722 4803 900 4890 azeuitlt
927 4825 1094 4920 poterat
1111 4799 1279 4887 reddere
1310 4825 1422 4883 etro·

1309 4941 1424 5005 mim
