4178 5748
400 3446 478 3494 wilt
494 3459 503 3505 ς

653 575 734 672 mo
988 555 1555 656 OPUSCULUM

645 679 739 764 loca
756 671 928 757 maxime
952 696 1191 786 opportuna
1222 672 1646 789 circumspedlantibus
1674 667 1772 756 alius
1800 669 1916 756 locus

643 797 780 910 aptior
806 815 886 876 non
915 792 1176 880 occurrerit,
1207 819 1326 906 quarn
1344 793 1385 873 in
1400 790 1530 877 altero
1561 789 1775 878 Meridiani
1792 788 1915 874 nostri

639 932 823 1000 extremo
851 903 1048 1016 adipsum
1077 906 1311 993 litusMaris
1337 908 1568 999 Adriatici,
1593 910 1663 994 ubi
1679 901 1835 992 tametsi
1862 906 1913 990 li·

637 1055 703 1118 tus
724 1021 961 1111 tantundem
978 1029 1021 1108 in
1044 1025 1243 1110 diredlum
1276 1053 1358 1110 non
1389 1048 1683 1141 procurreret,
1719 1046 1913 1136 quantum

636 1148 687 1234 ad
720 1143 950 1230 institutum
985 1144 1165 1229 nostrum
1194 1141 1286 1229 satis
1316 1139 1437 1234 esset,
1471 1141 1638 1229 modico
1654 1165 1786 1228 tamen
1803 1138 1912 1228 flexu

636 1269 738 1350 odio
755 1259 835 1346 sere
847 1255 1028 1372 passuum
1040 1257 1166 1344 millia
1178 1259 1347 1376 perinde
1364 1265 1501 1347 metiri
1517 1259 1673 1350 liceret,
1690 1289 1736 1345 ac
1752 1259 1780 1342 fi
1795 1285 1915 1344 unam

642 1385 688 1466 δε
703 1377 871 1466 eandem
889 1381 1041 1465 rectam
1059 1373 1348 1464 efformailsent.
1388 1380 1438 1462 Et
1454 1378 1532 1463 hoc
1544 1379 1709 1490 quidem
1723 1371 1915 1462 interval·

642 1496 726 1583 lum
756 1490 890 1580 mense
905 1495 1155 1586 Decembri,
1184 1495 1297 1580 coelo
1310 1492 1544 1609 plerumque
1562 1489 1817 1608 caliginoso,
1844 1517 1916 1604 per

634 1613 719 1700 dies
731 1611 928 1697 tredecim
941 1613 1001 1697 bis
1015 1609 1135 1696 mensr
1152 1607 1294 1702 sumus,
1309 1639 1361 1696 eo
1376 1609 1562 1702 successu,
1580 1634 1626 1696 ut
1643 1613 1752 1694 inter
1766 1630 1915 1694 utram·

635 1758 713 1847 que
730 1724 951 1814 mensuram
966 1755 1046 1814 non
1058 1724 1128 1812 nist
1143 1729 1318 1815 duorum
1334 1726 1531 1841 pollicum
1566 1725 1782 1812 discrimen
1803 1727 1914 1808 inve·

607 1849 610 1856 ’
639 1872 810 1936 nitetur,
827 1845 1092 1960 quaequidem
1105 1843 1355 1935 concordia,
1383 1850 1420 1930 ei
1434 1847 1504 1961 qui
1518 1845 1597 1930 hoc
1612 1869 1799 1956 ternpore
1815 1841 1915 1928 aeris

641 1989 880 2081 temperrem
896 1963 1115 2079 noslrarnqr
1128 1965 1168 2044 in
1184 1960 1391 2062 metiendo
1404 1962 1662 2076 diligentiam
1676 1959 1804 2046 minua
1818 1985 1916 2043 con·

642 2078 870 2168 fideraverit
885 2136 898 2170 ,
916 2076 1021 2163 casui
1039 2075 1219 2164 lbituito
1232 2076 1490 2163 adscribenda
1503 2075 1665 2164 fortasse
1680 2077 1884 2163 videretur
1902 2093 1918 2160 .·

646 2203 807 2292 Summa
823 2197 932 2282 enim
957 2191 1034 2280 suit
1048 2223 1119 2328 per
1142 2223 1190 2305 13
1220 2193 1338 2295 hosce
1354 2195 1454 2302 dies,
1471 2193 1513 2294 id
1527 2197 1635 2308 quod
1652 2221 1702 2280 ex
1716 2193 1912 2280 Thermo·

645 2337 781 2412 metro
793 2313 1094 2398 Rcaumuriano
1107 2305 1199 2396 satis
1211 2311 1423 2402 constitit,
1440 2316 1482 2394 in
1495 2312 1595 2395 aeris
1612 2315 1807 2425 temperie
1823 2335 1917 2395 con·

645 2428 801 2527 {lentior
813 2427 861 2512 ad
875 2429 957 2512 haec
971 2431 1215 2542 perticarum
1231 2431 1451 2514 nostrarum
1465 2424 1914 2542 longitudinem,saepius

675 2543 831 2629 uotidie
849 2547 958 2630 inter
972 2547 1220 2659 operandum
1235 2543 1286 2632 ad
1304 2571 1468 2633 examen
1482 2549 1781 2636 revocabamus,
1795 2567 1915 2657 quam

643 2573 796 2746 ssorte
812 2661 1026 2748 earundem
1039 2662 1196 2778 pondus
1216 2721 1229 2755 ,
1261 2664 1423 2752 indur‘la
1434 2687 1650 2750 curvatura
1669 2717 1680 2752 ,
1699 2658 1882 2747 variasset
1901 2691 1915 2753 3

645 2778 941 2866 decurtationit
954 2782 1053 2887 ejus,
1069 2807 1158 2892 quae
1172 2785 1486 2896 perexiguaerat
1503 2835 1516 2874 ,
1532 2781 1732 2872 rationem
1745 2779 1916 2868 habeba·

647 2924 762 2982 mus.
793 2896 933 3010 ltaque
952 2892 979 2980 fi
998 2902 1126 2984 tertio
1138 2897 1310 2984 eundem
1323 2897 1507 2984 laborem
1535 2927 1579 2982 re
1635 2919 1719 2983 rere
1744 2886 1916 3010 placuis-

647 3007 710 3098 set
730 3066 742 3100 ,
777 3010 882 3098 haud
895 3011 1089 3107 dubium,
1118 3017 1219 3128 quin
1233 3011 1533 3100 contemnendo
1552 3042 1580 3128 p
1598 3041 1673 3100 ane
1684 3009 1915 3098 discrimine

573 3127 578 3138 ’
651 3131 776 3215 tertia
789 3123 1003 3216 mensurae
1021 3133 1223 3246 prioribus
1238 3129 1474 3220 dissedisset,

401 3248 633 3342 normanum
719 3257 782 3330 16.
815 3242 1008 3332 Mensurae
1020 3277 1149 3364 porro
1162 3248 1411 3335 instituendae
1424 3251 1535 3333 ratlo
1551 3243 1918 3336 haecstrit.Paratis

401 3350 632 3414 '¹³⁰³“¹‘'¹⁴¹'s‘'⁰
651 3363 780 3450 tribus
796 3363 965 3475 perticis
983 3360 1249 3480 longitudinis
1273 3365 1502 3480 palmorum
1530 3363 1681 3482 septem
1709 3369 1755 3452 dr
1769 3367 1918 3480 viginti

648 3504 881 3588 num.1,2,3
900 3475 1174 3598 adscrlpfimus
1190 3511 1303 3596 ,quae
1315 3481 1458 3568 deinde
1472 3481 1616 3570 libellas
1629 3511 1710 3598 ope
1721 3483 1919 3568 horizon·

646 3593 786 3682 taliter
801 3597 859 3680 ita
873 3595 1158 3688 statuebantur,
1170 3622 1217 3685 ut
1233 3605 1282 3688 ab
1294 3600 1418 3684 lnitio
1431 3598 1529 3686 basis
1543 3600 1592 3685 ad
1609 3597 1716 3687 illius
1729 3603 1918 3686 extremi·

646 3735 773 3798 tatem
787 3717 897 3798 reeta
912 3714 1237 3828 dirigerentur,id
1252 3713 1583 3832 quod,dispos'rtls
1596 3747 1671 3832 per
1684 3729 1814 3805 totam
1828 3715 1918 3804 lon·

646 3829 874 3945 gitudinem
891 3854 1008 3916 certo
1022 3831 1197 3942 quodam
1223 3830 1440 3919 interuallo
1459 3829 1649 3930 sudibus,
1669 3832 1785 3922 facilc
1803 3839 1915 3932 obti·

644 3947 817 4034 uebatur
834 4012 842 4031 .
872 3949 1030 4031 Pertica
1045 3971 1179 4037 autem
1199 3945 1325 4037 altera
1338 3949 1507 4036 alteram
1521 3955 1685 4039 minime
1704 3957 1914 4067 tangebat,

644 4060 712 4148 sed
729 4063 878 4178 exiguo
893 4066 986 4148 iude
998 4063 1169 4152 distabat
1186 4065 1421 4158 intervallo,
1436 4069 1546 4180 quod
1562 4073 1720 4159 circino
1735 4073 1916 4184 excipie-

644 4181 878 4266 bamusmon
891 4180 1053 4294 quidem
1068 4183 1118 4268 ab
1130 4187 1246 4273 unius
1257 4206 1443 4273 extremo
1467 4188 1516 4272 ad
1531 4189 1692 4275 initium
1720 4186 1886 4274 alterius
1902 4243 1935 4281 ,-

644 4292 713 4380 sed
729 4296 895 4382 adudlis
909 4302 1070 4384 inaenea
1100 4298 1263 4390 lamella
1286 4308 1448 4415 utrique
1467 4328 1651 4396 extremo
1681 4303 1913 4422 parallelis,

645 4413 830 4501 detrasta
846 4415 1036 4532 deinceps
1049 4417 1252 4532 utriusque
1268 4421 1466 4534 parallelae
1496 4427 1547 4509 ab
1564 4448 1753 4511 extremo
1767 4423 1919 4512 distan-

651 4532 733 4619 tia.
768 4534 831 4618 Ita
843 4532 994 4648 duplex
1008 4539 1273 4624 commodum
1285 4537 1644 4633 nanciscemur,
1677 4565 1821 4628 amoto
1836 4555 1920 4628 tam

657 4648 878 4738 eollifionis
891 4654 1163 4769 perticarum,
1194 4685 1314 4770 quam
1343 4683 1473 4770 pravae
1486 4663 1777 4749 numerationis
1810 4660 1920 4776 peri-

658 4767 757 4858 culo
774 4833 784 4856 .
811 4777 920 4862 Nam
932 4799 1025 4858 cunt
1039 4773 1164 4870 trium
1177 4781 1422 4890 perticarum
1438 4774 1737 4895 longitudinem
1749 4779 1830 4900 pro
1842 4807 1920 4865 una

1810 4929 1923 4992 men·
