4256 5730
510 637 541 722 Ρ
600 637 641 722 R
697 634 735 715 1,
775 637 822 719 M
877 635 918 717 U
975 637 1045 720 M.
1370 655 1422 741 31

163 753 479 870 meconspicuus
507 779 760 866 peromnem
778 757 1059 838 Romanorum
1085 754 1422 864 camporumpla-

163 878 332 970 initient,
364 876 409 959 dt
427 871 639 958 maritimae
654 895 736 954 orae
761 873 963 982 ingentem
978 873 1151 961 crastum
1166 867 1316 955 inconi
1335 869 1419 962 for.

164 1022 265 1080 mam
279 987 473 1102 affurgens
489 987 725 1080 mona'lacui
739 989 946 1081 imminens
966 1047 978 1086 ,
1000 1005 1285 1104 quemveteres
1299 989 1419 1080 Saba·

162 1111 291 1196 tinum
310 1106 443 1198 lacum
469 1103 754 1219 appellabunt,
780 1134 922 1221 nunca
946 1102 1124 1202 finitimo
1146 1102 1305 1238 oppido
1319 1104 1429 1190 dici--

164 1247 227 1312 tut
239 1228 440 1318 Bruttiani
453 1223 596 1318 lacus,
619 1223 670 1308 nd
684 1219 981 1318 observationes
996 1225 1281 1346 geographtcas
1296 1220 1421 1342 aptis*

162 1339 275 1432 simtu
295 1399 306 1434 ,
331 1338 957 1457 ArcemRomanamappellant
975 1339 1169 1442 finitimi,
1199 1337 1305 1430 haud
1323 1341 1415 1426 ita,

162 1457 499 1546 multoaSuttina
512 1459 765 1552 urbe'dis'eans
779 1457 951 1572 ,ipsum
963 1461 1087 1546 etiam
1099 1451 1416 1553 conscendimus,

160 1579 228 1664 nbi
243 1578 344 1664 dum
358 1577 621 1690 quadrantem
636 1577 764 1672 adhuc
778 1575 1054 1666 adhiberemus
1068 1633 1080 1667 ,
1094 1578 1224 1662 imber
1235 1569 1385 1661 subitur
1401 1607 1431 1666 ,··

162 1694 435 1780 acdiuturnus
463 1695 592 1788 multa
615 1695 732 1788 nobis
745 1694 839 1790 loca
856 1727 877 1782 e
894 1693 1112 1810 conspeetu
1137 1694 1314 1807 primunr
1339 1694 1420 1776 eti·

159 1813 288 1924 puit,
320 1837 418 1900 mox
445 1812 638 1930 oppressit
655 1839 730 1902 nos
764 1807 901 1922 ipson,
932 1809 997 1896 sed
1022 1809 1226 1924 praecipua
1250 1835 1418 1932 ,quaeque

160 1921 336 2014 definita
345 1929 425 2032 jam
438 1923 621 2026 inerant.
654 1927 843 2024 viterbio
871 1929 1080 2016 iterumad
1104 1923 1421 2025 levnmdefleni-

163 2070 252 2130 mus
286 2041 521 2138 Tuscenium
552 2041 913 2142 vetustamitidem
937 2048 1108 2140 urbem,
1135 2041 1422 2158 Trscanellam„
1521 2149 1525 2158 ὁ

158 2187 267 2248 nunc
282 2164 494 2252 nominant
510 2219 522 2255 ‚
540 2167 584 2250 dt
597 2161 698 2246 olim
715 2159 1061 2273 frequentissimam
1079 2187 1212 2262 ,nunc
1229 2161 1326 2258 aeris
1339 2189 1427 2272 gra·

163 2285 375 2392 ritateper
395 2281 572 2372 ,aestatem
599 2274 855 2396 potissimum
869 2278 1145 2381 intolerabili,
1172 2306 1265 2374 cum
1290 2278 1423 2372 omni·

163 2401 237 2484 bus
263 2398 532 2502 circumjectis
551 2395 762 2482 maritime
775 2423 856 2482 orae
869 2401 1021 2514 campis
1036 2400 1095 2482 ita
1107 2391 1354 2493 desolatam,
1376 2419 1423 2482 ut

163 2514 489 2715 equinquaiginta
514 2513 593 2600 fere
618 2511 854 2628 oppidulis,
881 2545 926 2600 ac
939 2515 1050 2631 pagis
1074 2511 1146 2630 ipsi
1157 2511 1261 2608 olim
1288 2506 1417 2618 suble·-⁴

166 2633 267 2736 siis,
296 2632 341 2712 δι
384 2628 720 2746 requentissimis‚
744 2659 844 2744 quos
859 2633 900 2714 in
913 2637 1022 2719 urbis
1050 2631 1139 2718 aula
1155 2631 1340 2744 depictos
1356 2629 1417 2712 ri·

165 2750 294 2832 dimus
312 2799 325 2837 t
352 2752 421 2842 rix
434 2751 609 2870 quatuor
626 2810 637 2842 ,
669 2776 739 2836 aut
752 2752 926 2880 quinque
944 2777 1049 2866 nunc
1066 2749 1237 2848 habeant
1249 2740 1417 2842 incolet,

166 2867 210 2952 &
225 2862 387 2978 quidem
401 2866 616 2966 admodum
629 2899 804 2983 pancos,

222 2994 291 3085 98.
353 2982 449 3066 Inde
476 3013 590 3080 eam,
616 3015 737 3098 quam
756 2984 949 3074 Faliscum
977 2984 1081 3078 ..olim
1104 3009 1285 3072 montem
1312 2978 1424 3073 dice·
1467 2985 1668 3080 ·⁰ls‘''²²¹⁰'.'‘⁸

164 3101 262 3191 bant
281 3155 293 3190 ,
318 3128 422 3184 nunc
440 3103 715 3212 Monteflascone
733 3161 746 3194 ,
775 3109 916 3189 urbem
933 3099 1129 3216 generoso
1148 3099 1345 3190 celebrem
1363 3097 1424 3186 ‚vi-
1441 3065 1670 3214 ffiffiffi

160 3246 213 3304 no
246 3217 291 3299 in
319 3217 507 3299 Romana
536 3217 796 3331 via'politam
825 3218 1081 3314 devenimus,
1108 3220 1225 3325 ,cujus
1247 3213 1543 3308 „eminenssconn
1566 3223 1673 3279 leste·

162 3330 303 3421 tholus
318 3328 545 3442 longissime
558 3329 797 3446 conspicuus
807 3363 859 3431 ex
872 3330 1143 3430 remotissimis
1164 3335 1287 3422 ¹etiam
1305 3359 1421 3418 mon·
1434 3302 1669 3457 Jllffmslliss‘

160 3453 271 3540 tibus
288 3449 445 3562 ingenti
470 3449 587 3533 nobis
612 3449 847 3537 adiumento
862 3448 942 3541 suit
966 3445 1014 3535 ad
1040 3449 1215 3564 plurium
1231 3451 1419 3542 locorum
1436 3459 1468 3521 di
1504 3453 1664 3583 attenuata.

164 3563 571 3661 determinationem,
587 3596 632 3652 ac
644 3567 744 3665 caelo
757 3567 975 3665 admodum
990 3563 1130 3664 sereno
1144 3623 1157 3659 ,
1173 3565 1238 3653 sed
1255 3563 1345 3652 solo
1363 3567 1419 3646 ui·
1435 3533 1669 3676 fflgsnss'f

164 3711 211 3772 ve
228 3685 407 3770 obruto,
440 3688 481 3763 iu
496 3709 584 3776 area
597 3679 773 3792 subjeeta
789 3687 872 3770 arci
887 3685 1060 3779 dirutae,
1087 3713 1160 3769 nec
1174 3689 1234 3771 ita
1246 3680 1434 3768 multum·

164 3800 329 3892 distante
344 3800 393 3898 ab
410 3794 498 4000 isso
517 3799 633 3896 tholo
657 3863 668 3894 ,
699 3801 1024 3900 observationem
1044 3803 1251 3896 habuimus
1273 3801 1419 3914 copio·
1439 3911 1440 3914 Ν

162 3915 242 4001 sam
255 3917 362 3999 inter
374 3916 419 4030 ip
438 3946 502 4009 am
516 3919 676 4008 nivem,
704 3919 979 4017 determinata
991 3921 1114 4016 etiam
1136 3917 1345 4012 distantia,
1374 3919 1419 4002 δε

162 4030 363 4147 positione
378 4033 493 4128 loci,
519 4036 561 4128 ,in
573 4065 655 4152 quo
667 4034 899 4124 observatio
914 4041 1207 4153 peragebatur,
1229 4031 1389 4129 ,atholo
1404 4039 1424 4122 ,’

161 4153 205 4235 in
220 4177 341 4272 quem
355 4181 409 4246 ex
421 4151 508 4236 aliis
524 4148 628 4238 locis
648 4152 964 4250 ,collineabamus
981 4215 993 4248 ,
1012 4157 1123 4269 quod
1146 4155 1294 4267 ubique
1307 4177 1419 4241 accu-

136 4375 141 4385 ¹
160 4291 248 4354 rate
265 4269 542 4377 praestitimus.
573 4269 680 4356 Illud
705 4294 837 4364 tamen
851 4273 918 4362 hic
943 4270 1199 4386 potissimum
1214 4270 1330 4365 nobis
1344 4268 1418 4354 ob·

163 4381 277 4471 suit,
306 4385 416 4493 quod
430 4383 581 4474 &alibi
597 4385 697 4508 sepe
718 4448 731 4488 ,
752 4415 800 4476 ut
814 4389 907 4484 loca
919 4392 1122 4484 maritima
1137 4387 1186 4476 ad
1210 4381 1419 4482 meridiem
1536 4463 1539 4470 .
1615 4453 1619 4460 .

29 4521 30 4528 ‘
162 4496 240 4584 sub
254 4497 345 4593 Sole
367 4498 439 4586 sita
464 4497 502 4588 se
527 4502 703 4620 aspetiui
735 4505 1024 4604 subducerent,
1055 4509 1225 4626 quadam
1251 4509 1431 4594 obtecta.

163 4615 296 4704 veluti
313 4617 485 4721 nubula‚
514 4621 849 4723 &delitescentia
871 4625 1177 4718 inumbrasua,
1201 4623 1418 4744 quodubi-

162 4763 239 4846 que
254 4733 482 4825 meridianis
492 4741 596 4836 ¹locis
612 4773 683 4859 per
703 4747 890 4861 ¹hyemem
907 4747 1086 4841 accidit,
1115 4743 1311 4854 &quavis
1325 4743 1417 4822 anni

164 4853 402 4970 tempestate
420 4859 738 4975 occidentalibus
750 4859 924 4974 vespere,
939 4891 1050 4949 mane
1065 4855 1338 4950 orientalibus.
1353 4857 1418 4943 In·

804 4981 900 5064 Ga
1365 4977 1418 5073 de
