4156 5752
502 523 565 610 T·
598 525 625 608 Ε
686 529 727 612 R
786 523 822 609 T
881 527 901 610 1
958 528 997 610 U
1057 527 1127 608 M.
1370 555 1415 624 17

183 635 575 730 deinttrenTabulae
589 641 879 756 Geographicae
903 639 1154 735 delineatio,
1180 553 1446 754 nifiingentd

184 764 228 845 in
245 757 512 846 eelucunasin
530 757 630 846 locis
644 761 808 846 minime
824 753 990 844 desertis
1004 757 1228 871 relinquere
1256 757 1447 842 'voluisse-

63 891 68 911 '
183 909 295 984 mus.
333 869 573 980 Huiusmodi
592 879 807 964 conatibus
821 875 1008 960 debemus
1023 871 1140 961 situm
1155 878 1336 963 omnium
1367 875 1445 962 fere

180 996 375 1100 locorum
387 995 426 1076 in
442 994 774 1110 ¹Septempedenn
784 989 1200 1088 Dioecefi‚multorum
1215 995 1257 1078 in
1271 995 1447 1080 Anconi-

185 1135 408 1223 tanaatque
423 1113 438 1152 ²
456 1107 577 1216 «filins
594 1171 604 1203 ,
621 1141 666 1198 ac
681 1107 960 1226 Senogalliensr
977 1134 1121 1224 ‚atque
1135 1113 1254 1196 etiam
1271 1109 1445 1196 aliorum

184 1257 426 1348 paucorurm
442 1252 486 1312 ut
505 1231 607 1314 nihil
626 1229 678 1314 de
692 1225 893 1316 nonnullis
907 1227 1038 1324 dicem
1055 1283 1066 1318 ‚
1083 1255 1255 1339 quorum
1271 1217 1365 1312 situs
1383 1227 1444 1310 id-

186 1352 305 1444 circo
331 1347 637 1456 requirebatur,
667 1349 777 1462 quod
793 1345 914 1430 certis
931 1347 1155 1432 rationibus
1182 1346 1345 1430 adducti
1361 1375 1444 1430 me·

187 1488 423 1554 tueremur,
450 1492 499 1548 ne
528 1470 569 1548 in
596 1462 893 1567 obseruationes
920 1465 1068 1566 nostras
1092 1466 1196 1550 inter
1223 1461 1444 1548 notandum

186 1611 303 1670 error
323 1581 464 1694 uliquis
482 1577 559 1668 sese
572 1579 817 1670 infinudlset.
1465 1686 1468 1691 Ι

193 1785 197 1796 ,
255 1715 293 1787 8.
327 1701 491 1786 Nullam
508 1697 844 1786 Observationem
861 1697 1032 1785 nancisci
1057 1697 1261 1814 potuimus
1275 1726 1362 1813 quae
1377 1728 1450 1785 nos
1505 1703 1695 1774 saepem..

194 1819 393 1932 dirigeret
418 1820 460 1901 in
485 1817 745 1908 Tradluillm
774 1821 844 1932 qui
862 1816 1301 1931 partemBorealiorem
1328 1816 1450 1903 ditio·
1465 1785 1697 1915 ldie'fffssffiff's

193 1939 255 2020 nis
272 1937 512 2046 Oropitanae
526 1934 840 2051 complectitum
862 1936 999 2045 inquo
1015 1956 1148 2020 tumen
1163 1959 1306 2048 praeter
1330 1936 1452 2020 Mon·

191 2078 276 2146 tem
307 2051 467 2140 Peliam·
484 2049 570 2136 alie
598 2056 784 2139 stationes
803 2054 974 2136 maxime
991 2073 1234 2166 opportunae
1259 2051 1352 2163 capi
1375 2080 1454 2164 po·

196 2165 383 2258 tuissent.
411 2169 590 2255 Eundem
605 2167 814 2256 successum
833 2170 974 2255 habuit
994 2226 1007 2260 ‚
1039 2169 1235 2280 quidquid
1284 2197 1329 2253 ro
1349 2166 1456 2255 tole·

196 2282 471 2374 rabilisaltem
485 2291 635 2374 notitia
648 2285 909 2374 Callellorum
922 2288 964 2370 in
979 2197 1280 2402 ugroCasclend
1288 2281 1455 2372 fiturum
1475 2377 1480 2388 ,

191 2405 411 2518 impetrare
424 2402 544 2490 eduis
563 2404 693 2492 sumus
711 2433 825 2519 ,quae
843 2435 865 2488 a
882 2406 997 2490 nobis
1010 2409 1052 2488 in
1066 2409 1221 2519 Agrum
1235 2405 1422 2490 Picenum
1439 2459 1454 2496 2

189 2519 335 2632 adulto
348 2522 430 2628 jum
447 2523 855 2616 Octobrinecessario
873 2518 1144 2608 festinantibus
1156 2517 1358 2608 observari
1370 2547 1455 2606 non

189 2658 439 2756 potuerantt
471 2667 597 2754 neque
627 2639 761 2728 multo
792 2640 933 2726 melius
961 2634 1170 2726 nobiscum
1195 2638 1453 2724 adtumestin

187 2754 277 2843 aliis
292 2757 523 2872 regionibus
538 2753 757 2848 montosis,
790 2759 831 2841 in
845 2759 988 2874 quibus
1007 2755 1134 2840 aliena
1148 2784 1226 2869 ope
1239 2781 1322 2840 non
1350 2753 1456 2838 indi·

189 2873 436 3005 guillemus,
468 2869 683 2961 srconatus
697 2875 853 2962 nostros
877 2871 1254 2960 coeliinconslantia
1279 2868 1456 2956 nonelu·

187 2991 293 3082 lillet
310 3059 319 3078 .
334 2995 421 3106 Ego
440 2994 548 3076 enim
566 2989 647 3106 ipse
659 3021 845 3080 montem
864 3021 983 3106 quem
999 2995 1176 3078 Neronis
1188 3007 1362 3076 vocant,
1383 3015 1455 3099 per

188 3111 366 3214 aestatem
381 3105 691 3194 conscenderam
707 3165 730 3202 ,,
750 3113 854 3195 unde
884 3111 975 3202 loca
989 3105 1165 3221 plurimu
1189 3104 1457 3190 determinan-

190 3225 239 3316 di
257 3219 343 3337 spes
357 3224 462 3306 haud
477 3227 621 3336 exigua
648 3221 890 3338 effulgebat,
923 3253 1016 3310 cum
1032 3225 1163 3310 imber
1182 3223 1379 3308 maximus
1393 3214 1456 3306 su-

187 3343 287 3428 bito
302 3365 472 3424 coortus
487 3367 534 3424 ac
552 3369 645 3428 curn
666 3337 1063 3456 denfillimncaligine
1096 3341 1362 3447 conjunctus,
1394 3362 1457 3424 et·

177 3487 272 3574 ,que
291 3448 450 3572 insuper
475 3487 549 3573 per
559 3457 675 3546 horas
687 3459 915 3575 complures
943 3461 1202 3546 continuatus
1228 3483 1311 3542 non
1327 3455 1455 3542 modo

180 3571 459 3666 observandi,
492 3571 558 3660 sed
577 3575 875 3691 propemodum
902 3581 1024 3662 etiam
1042 3573 1269 3680 revertendi
1286 3568 1455 3658 fuculta-

188 3719 276 3782 tem
286 3690 440 3778 ademit
459 3759 468 3779 .
498 3697 640 3806 ltaque
665 3723 759 3780 curn
773 3691 911 3781 diebus
926 3698 1108 3807 proxime
1125 3688 1341 3784 subsecutis
1356 3691 1456 3774 aeris

190 3815 404 3924 temperies
422 3810 552 3898 nihilo
569 3811 713 3898 melior
728 3809 928 3902 evasisset,
958 3841 1129 3924 cumque
1151 3807 1202 3894 ad
1217 3809 1299 3892 haec
1330 3802 1452 3891 sebris

191 3961 244 4018 ex
263 3927 372 4016 illius
385 3927 468 4016 diei
484 3929 756 4028 incommodis
771 3952 889 4014 enata
917 3925 1072 4020 suisset,
1103 3957 1144 4014 re
1158 3923 1305 4012 infecta
1321 3924 1451 4008 redire

194 4049 391 4140 coaetus,
422 4074 469 4132 ne
487 4047 537 4134 ed
550 4073 731 4135 montem
744 4047 908 4162 quidem
922 4046 1069 4133 Peliam
1088 4105 1099 4138 ‚
1131 4065 1257 4159 prout
1273 4043 1452 4126 institue-

193 4193 306 4252 ram,
337 4167 545 4253 exitinere
573 4166 776 4252 declinare
805 4167 948 4278 potui,
979 4158 1209 4256 amissurus,
1242 4155 1327 4242 fiid
1343 4152 1445 4272 fecis

196 4278 291 4372 sem,
304 4281 551 4374 occafionem
562 4281 842 4370 nonnullarum
855 4281 1015 4368 urbium
1035 4276 1323 4367 invisendarum
1339 4303 1451 4392 ‚quae

199 4401 298 4491 mihi
328 4426 419 4486 ante
445 4407 598 4492 aestivos
621 4398 971 4486 caloresRomam
1000 4392 1218 4482 necessario
1247 4395 1449 4510 repetenti

196 4517 513 4612 determinandae,
530 4517 787 4633 supererant.
819 4516 931 4640 Qrid
955 4513 1069 4632 quod
1095 4513 1265 4616 &elios
1291 4533 1450 4626 montes
1536 4543 1543 4558 ·

192 4633 421 4752 complures
433 4633 663 4757 percensere
677 4633 831 4752 possem
846 4663 873 4726 .·
891 4639 933 4719 in
946 4636 1184 4748 quosirrito¹
1205 4647 1357 4715 conatu
1377 4687 1399 4728 „
1419 4625 1448 4711 fi

191 4783 274 4850 non
293 4758 596 4875 ebreorum.»
624 4776 669 4862 at
686 4778 800 4866 certe⁸
827 4751 1109 4868 obcaliginem
1122 4743 1374 4862 denfillimam
1387 4773 1450 4830 re

349 4921 569 5000 lustrense·
845 4912 950 4991 ημᾶς
1107 4879 1148 4888 ..
1235 4881 1241 4892 ⁸
1320 4883 1450 4984 'Pente
