4156 5752
656 598 737 686 Πὸ
994 585 1559 699 OPUSCULUM
1752 681 1833 704 ·.

645 734 732 792 mus
749 761 760 794 ,
775 728 857 786 non
871 725 1002 788 tamen
1015 707 1180 790 deerant
1192 701 1346 797 causae,
1375 732 1462 820 quae
1477 697 1761 824 persuaderent
1782 730 1852 789 eor
1870 700 1914 785 in

650 825 731 910 hoc
748 818 1282 938 trastuleviotet'evusuros.
1318 823 1394 910 Sed
1422 821 1810 937 quomodocumque
1828 843 1914 904 tan-

651 941 744 1025 dem
772 969 818 1022 ea
848 969 906 1022 res
923 935 1002 1022 sese
1030 941 1175 1026 habeat
1192 984 1208 1032 ,1
1236 935 1444 1026 inserenda
1457 940 1627 1026 omnino
1646 963 1734 1023 etat
1746 935 1912 1024 Tabula

651 1058 822 1144 ditionit
834 1053 1064 1141 Pontificire
1076 1060 1193 1172 regio
1207 1058 1279 1142 ista
1293 1115 1304 1150 ,
1320 1087 1494 1146 necnon
1509 1059 1737 1170 Legationis
1754 1057 1914 1139 Raven-

652 1179 756 1259 natis
773 1201 863 1287 pars
876 1169 1080 1288 asperior,
1112 1179 1263 1286 quaeab
1282 1181 1290 1219 ¹
1308 1172 1409 1289 Isupi
1423 1174 1550 1261 fluvio
1582 1174 1631 1258 ed
1648 1171 1769 1286 usque
1783 1174 1916 1258 Bono·

648 1289 827 1378 triensem
842 1318 980 1402 agrum
997 1295 1254 1406 porrigitur,
1287 1323 1337 1378 ne
1353 1295 1537 1378 immanis
1553 1291 1656 1379 adeo
1670 1289 1809 1374 lacuna
1841 1291 1914 1370 in.»

650 1409 791 1496 eadem
808 1402 1025 1519 superesset
1042 1477 1049 1492 .
1074 1411 1215 1523 Itaque
1227 1410 1290 1496 hic
1305 1407 1444 1496 saitem
1460 1409 1590 1523 legem
1605 1431 1698 1493 nnte
1712 1408 1829 1493 nobis
1844 1435 1914 1521 po·

653 1525 765 1613 sitam
780 1529 1041 1638 praetergredi
1056 1522 1210 1612 necesse
1226 1524 1337 1618 fui-t,
1366 1556 1411 1636 ac
1426 1524 1518 1612 loca
1540 1524 1754 1638 complura
1785 1523 1912 1608 incer-

652 1671 704 1730 tae
719 1637 930 1758 posrtionis
946 1668 1184 1758 apponere,
1216 1647 1266 1730 de
1291 1643 1436 1758 quibus
1458 1643 1619 1729 neiliud
1634 1643 1798 1756 quidem
1815 1637 1914 1724 affir-

650 1790 761 1848 mare
785 1755 995 1874 possumus
1026 1790 1112 1852 ‚ea
1142 1761 1389 1874 ignoscendo
1413 1759 1637 1846 intervallo
1666 1787 1812 1848 aveto
1839 1757 1913 1844 situ

651 1885 864 1967 aberrare.
898 1881 1002 1964 Nam
1032 1901 1177 1992 praeter
1206 1881 1504 1965 Britannorium
1531 1879 1669 1964 urbem
1696 1881 1912 1963 Montenr,

650 1992 901 2112 Poggiolum
916 2049 928 2084 ‚
944 1999 987 2079 δε
1003 1994 1190 2080 Oriolum
1206 1997 1307 2081 nihil
1328 1995 1435 2082 aliud
1452 1999 1495 2079 in
1512 1997 1590 2080 hoc
1607 1999 1739 2080 trad'tu
1753 2023 1827 2110 pet
1841 1996 1915 2080 ob·

613 2202 615 2206 ,
652 2111 901 2200 detrationes
929 2113 1084 2228 raptim
1097 2117 1277 2230 perediae
1301 2109 1461 2198 definiri
1491 2112 1633 2228 potuit
1661 2169 1674 2204 ‚
1700 2115 1745 2197 &
1777 2139 1914 2196 curua

653 2227 1241 2341 tribusquatuorueuiiisiocir
1269 2229 1913 2342 discesserimunquaeabinissta·

645 2351 832 2436 tionibus
857 2343 1067 2432 obseruare
1085 2347 1189 2430 haud
1203 2347 1347 2438 licuit,
1365 2351 1661 2435 caeteraornnia
1674 2377 1725 2431 ne
1741 2339 1911 2462 conspe·

651 2468 733 2554 erut
747 2463 922 2586 quidem¹
940 2465 1078 2549 nostro
1091 2460 1167 2547 sese
1184 2463 1449 2552 obtulerunt.
1471 2469 1817 2578 Supervncaneum
1844 2494 1910 2551 au·

651 2609 736 2670 tem
752 2576 877 2668 uisum
902 2581 958 2666 est
970 2579 1130 2696 finguiis
1158 2577 1382 2668 hisoelocia
1398 2585 1561 2670 incertae
1593 2581 1812 2698 positionis
1840 2611 1912 2669 no·

650 2727 737 2790 tem
767 2698 1019 2814 adjungere,
1048 2727 1140 2784 cum
1166 2697 1299 2786 multo
1326 2703 1489 2787 brevius
1513 2727 1571 2788 tes
1604 2723 1698 2784 tota
1730 2697 1913 2814 expediri

651 2814 788 2934 posset
802 2813 920 2904 semel
934 2839 1093 2904 tantum
1108 2817 1311 2905 monendo
1326 2874 1338 2911 ‚
1355 2817 1551 2936 quidquid
1578 2819 1912 2932 intrapraedirstor

653 2939 805 3022 limites
828 2937 1134 3028 contineretur,
1160 2935 1453 3026 reformatione
1468 2937 1676 3054 indigere.

447 3056 510 3112 ⁸¹¹¹
527 3055 641 3191 ³2⁸}ss
719 3083 779 3143 12.
813 3057 962 3137 Praeter
979 3053 1176 3140 Tabulam
1203 3083 1354 3172 magnae
1380 3053 1489 3142 illius
1505 3054 1716 3172 planitiei,
1745 3081 1834 3167 quae
1862 3049 1913 3136 nd

407 3153 811 3286 {ifffi'r‘pfssp‘ssssdgtum
827 3169 1116 3257 Bononiensem
1140 3176 1344 3290 pertinet,
1374 3199 1494 3288 atque
1505 3173 1611 3259 haud
1627 3175 1686 3260 ita
1700 3171 1858 3286 pridem
1872 3170 1913 3254 in

401 3287 789 3423 ⁸‚{',¹‡,2¹„{{2¹‘:,}f'¹ucem
812 3285 922 3370 edita
951 3283 1055 3382 fuit,
1087 3292 1198 3376 binae
1227 3291 1321 3378 aliar
1350 3293 1485 3379 videre
1506 3293 1716 3405 contigit,
1744 3313 1912 3404 quarum

409 3429 854 3517 quarentena-utraque,
885 3409 1124 3516 mopinot,
1153 3435 1237 3518 ope
1255 3407 1418 3498 Tabulae
1429 3412 1711 3501 Praetoriauae,
1734 3409 1911 3494 elabora·

408 3523 458 3582 st·
655 3520 816 3614 tasuit,
846 3543 986 3606 neutra
1001 3547 1135 3610 autem
1159 3525 1286 3611 adhue
1311 3524 1442 3612 lucem
1473 3525 1653 3642 aspexit.
1687 3529 1839 3613 Harum
1855 3520 1910 3608 al·

654 3667 742 3730 tera
755 3640 954 3726 ditionem
968 3641 1219 3734 Perusinum,
1249 3641 1374 3729 ritem
1389 3675 1529 3760 agrum
1547 3652 1778 3731 Camertem
1802 3671 1914 3729 com·

655 3760 878 3874 plediitur.
911 3755 1164 3845 silaeundem
1182 3759 1304 3846 habet
1319 3768 1529 3849 audiorem
1555 3791 1648 3850 cum
1661 3757 1914 3873 Tabulaagri

657 3873 916 3963 Bononienfir
943 3870 1195 3991 supradidtu‚
1229 3882 1466 3992 &quamvis
1497 3909 1640 3996 magna
1661 3908 1761 3966 curu
1779 3875 1917 3966 confe-

658 3998 725 4079 ἀει
736 3990 934 4080 videatur,
952 3989 1112 4077 laborat
1126 3994 1384 4106 nihilominus
1400 4055 1411 4088 ‚
1427 4001 1469 4081 ni
1484 3997 1604 4084 fallor
1620 4059 1632 4092 ,
1649 4001 1757 4085 vitio
1777 3993 1915 4110 ,quod

658 4112 702 4194 in
726 4105 953 4211 hujusmodi
971 4111 1006 4193 T
1008 4111 1169 4204 abulat,
1202 4141 1293 4198 cum
1311 4139 1482 4231 propter
1509 4116 1828 4232 magnitudinem
1854 4117 1919 4199 di·

657 4230 782 4314 tionis
813 4286 825 4320 ,
856 4223 1081 4342 longiorem
1111 4231 1152 4312 in
1173 4232 1393 4318 condendo
1420 4265 1578 4324 moram
1602 4223 1803 4350 exigunt,
1837 4231 1918 4320 fere

657 4343 871 4431 necessario
899 4340 936 4430 se
950 4342 1141 4432 insinuare
1157 4349 1306 4434 debet.
1342 4357 1557 4438 Nemeum
1572 4353 1714 4439 harum
1729 4351 1919 4441 Meridie·

657 4489 731 4547 nus
751 4467 783 4547 is
798 4457 872 4550 sit,
903 4491 1021 4576 quem
1037 4493 1129 4549 acus
1144 4467 1376 4576 Magneticu
1402 4465 1607 4584 designat,
1626 4495 1799 4587 cumque
1828 4501 1920 4562 acus

658 4581 894 4696 magneticae
905 4580 1231 4667 Declinationem
1248 4583 1412 4673 subinde
1425 4594 1572 4673 mutari
1589 4592 1807 4706 contingat
1826 4652 1838 4686 ,
1855 4596 1919 4678 id·

656 4722 736 4813 que
750 4696 955 4785 interdum
968 4700 1074 4786 intra
1086 4729 1310 4818 paucorum
1324 4735 1523 4794 annorum
1549 4707 1720 4824 spatium
1735 4715 1920 4804 satisno·

1815 4833 1922 4922 tabi·

702 4953 713 4992 1
736 4943 831 4996 Surio·
