4144 5784
231 729 236 740 .
438 662 499 775 Q
536 661 578 760 U
635 663 656 742 I
713 653 851 744 Nl·
906 662 946 746 U
1003 655 1071 746 M.
1290 691 1376 776 449

15 829 20 844 -
132 805 184 864 no
202 774 330 887 licet.
363 775 404 859 Si
432 779 539 858 enim
567 775 685 886 strata
708 772 910 860 denfitatis
934 773 1111 883 ejusdem
1136 769 1307 860 formam
1335 782 1392 864 ὃς,

132 891 214 1006 ipsa
227 888 632 1002 babeantasphaerica
656 887 939 983 abludentem,
971 889 1243 976 strataitidem
1258 887 1385 1004 sphae-

131 1008 284 1096 1icaita
298 1032 441 1121 parum
460 1007 511 1088 ab
529 1003 859 1116 homogeneitate
887 1005 1024 1110 differe
1052 1005 1237 1122 poliunt,
1270 1007 1383 1094 utils
1437 1083 1441 1088 .

130 1123 178 1206 ad
191 1151 328 1208 aeram
341 1119 907 1238 homogeneitatemredatlis,
926 1121 1025 1206 nihil
1036 1123 1085 1210 ad
1097 1115 1248 1208 sensum
1261 1140 1389 1206 mute·

132 1259 199 1322 tur
227 1237 399 1348 gravitas
418 1231 534 1320 fluidi
561 1239 801 1328 ambientis,
825 1239 879 1331 ,ἃ
894 1233 1016 1351 posrti
1043 1241 1084 1322 in
1099 1233 1333 1351 superficie,
1364 1267 1388 1326 a

132 1355 242 1458 cujus
257 1351 463 1466 gravitatis
476 1346 674 1465 pofitione
689 1352 839 1468 pendet
851 1353 1144 1463 aequilibrium,
1174 1355 1284 1466 quod
1299 1355 1388 1467 qui·

133 1471 224 1552 dem
238 1465 365 1580 pollet
382 1463 472 1552 sane
488 1467 821 1554 accurrantiffime
837 1466 1097 1554 demonstrari
1112 1500 1125 1560 a
1142 1464 1208 1554 sed
1223 1500 1294 1582 per
1310 1463 1387 1556 sese
1405 1551 1410 1558 .

133 1582 227 1675 satis
243 1579 491 1666 manifestum
502 1581 576 1666 elle
591 1576 757 1670 censen.
786 1587 914 1668 Porro
927 1587 958 1669 is
975 1582 1083 1672 casus
1095 1585 1175 1668 erit
1187 1585 1291 1672 idem
1307 1639 1324 1676 Υ,
1341 1614 1389 1670 ac

132 1698 290 1786 fitotus
318 1697 480 1784 nucleus
508 1694 575 1782 ille
603 1695 751 1782 solidus
768 1697 1041 1809 homogene'us
1069 1699 1193 1791 effet,
1222 1703 1389 1804 materia

130 1819 241 1902 omni
259 1841 331 1927 per
348 1813 478 1931 ipsum
494 1812 698 1926 aequaliter
709 1813 943 1901 distributa.
979 1821 1084 1902 Nam
1109 1813 1254 1928 linguli
1272 1819 1388 1902 nrbes

129 1929 316 2046 sphaerici
331 1931 567 2043 homogenei
586 1935 645 2016 ita
660 1929 825 2018 trahunt
845 1953 930 2018 tam
947 1934 988 2016 in
1002 1934 1165 2045 primo,
1196 1961 1314 2044 quam
1345 1935 1387 2016 in

127 2045 305 2134 secundo
321 2043 442 2134 casu,
466 2067 513 2131 ut
534 2047 739 2136 traherent
754 2041 837 2134 liin
850 2073 994 2134 centro
1009 2050 1141 2135 'omnis
1155 2053 1295 2133 eorum
1307 2076 1392 2132 ma·

134 2165 238 2249 teria
261 2160 550 2277 colligeretur,
575 2154 689 2277 quod
711 2159 761 2249 er
785 2163 1059 2256 demonstratis
1073 2192 1096 2248 a
1112 2169 1326 2252 Newtnnn
1341 2157 1410 2254 sal-,2

132 2278 214 2364 cile
232 2281 448 2366 admodum
460 2277 697 2366 deducitur.
1365 2276 1368 2284 ’

192 2423 284 2494 177·
316 2393 615 2483 Confideremus
632 2391 762 2511 igitur
768 2399 936 2512 globum
952 2397 1125 2486 solidum
1146 2397 1159 2493 ,
1190 2361 1302 2508 cujus
1320 2431 1390 2488 nr·
1403 2475 1477 2534 m
1495 2479 1638 2538 ‘mm

126 2518 199 2602 bes
213 2514 460 2598 concentrici
485 2512 726 2626 homogeuei
742 2513 819 2600 lint
831 2505 850 2606 ,⁴
875 2515 1068 2604 denfitate
1092 2521 1133 2601 in
1152 2514 1312 2606 diverfis
1327 2517 1389 2602 di·
1403 2559 1431 2612 a,
1450 2557 1532 2614 aaa,
1549 2559 1634 2618 ma,

132 2629 290 2716 llantiis
304 2649 458 2714 mutata
471 2652 674 2743 utcunque
691 2663 703 2722 ;
728 2634 761 2715 ie
774 2655 907 2718 autem
921 2635 1120 2718 ambiatur
1136 2633 1302 2718 alluido
1317 2693 1329 2726 ,
1344 2639 1391 2720 δε
1403 2635 1430 2688 ¹·
1441 2651 1578 2695 aunan.

131 2743 294 2858 fingulae
310 2743 424 2830 fluidi
440 2745 651 2856 particulae
664 2743 853 2830 taminse
868 2749 1069 2834 invicem,
1099 2775 1217 2858 quum
1232 2748 1276 2828 in
1301 2777 1391 2862 par-
1547 2743 1550 2750 ’

127 2864 276 2949 ticulas
291 2857 411 2945 solidi
438 2861 606 2943 tendant
621 2860 664 2942 in
691 2863 850 2944 ratione
864 2862 1076 2974 reciproca
1102 2859 1310 2975 duplicata
1336 2865 1395 2948 di·
1445 2863 1449 2870 ’

126 2979 391 3066 stantiarum,
411 2977 454 3062 &
468 2979 857 3064 convertatutcirca
882 2977 1219 3090 proprium'axem
1235 3031 1259 3064 ,.
1277 2979 1324 3064 αξ
1349 2981 1398 3066 iu.

9 3117 13 3124 '
125 3092 356 3208 aequilibrio
371 3085 446 3177 fit.
480 3089 691 3205 Quidquid
706 3093 747 3174 in
762 3087 917 3206 fingulis
930 3093 1096 3182 urbibus
1120 3093 1280 3180 excedit
1295 3095 1392 3178 den-

130 3208 301 3298 litatem
311 3205 427 3297 lluidi
442 3208 677 3300 ambientis,
692 3207 915 3294 adducatur
930 3208 984 3294 ad'
994 3233 1181 3297 centrum
1196 3213 1266 3302 ,ἀ
1281 3213 1322 3293 in
1340 3241 1392 3297 eo

120 3343 482 3437 compenetratum
495 3321 765 3436 intelligatur:
782 3322 1046 3438 aequilibrium
1059 3321 1175 3414 fluidi
1188 3327 1392 3421 manebitr

123 3445 332 3561 gravitate
346 3438 464 3555 ipsrua
481 3442 522 3536 in
535 3437 689 3530 malfam
705 3440 838 3530 nuclei
855 3439 953 3524 nihil
969 3463 1125 3532 mutata
1143 3510 1152 3528 .

195 3571 291 3656 178.
324 3557 666 3646 Habebimuahoe
679 3565 801 3674 paeto
818 3555 985 3671 globum
1001 3557 1173 3646 solidum
1191 3589 1285 3645 cum
1302 3557 1394 3646 flui-
1446 3629 1559 3682 mm
1592 3631 1601 3682 1

122 3679 187 3766 do
202 3675 405 3763 ambiente
418 3674 749 3790 homogeneoipsr
760 3675 886 3792 globo
905 3733 918 3766 ,
934 3677 979 3760 ὅτ
992 3698 1138 3790 praeter
1148 3680 1248 3763 vires
1257 3697 1390 3762 extra-
1404 3705 1454 3770 um
1474 3648 1635 3775 ιιοωοςῖἶῖἶ

119 3824 221 3882 neas
236 3820 313 3905 pro
325 3794 364 3878 vi
383 3849 399 3884 ,.
415 3822 494 3906 qua
506 3791 715 3906 particulae
729 3789 947 3878 seinvicem
967 3793 1178 3878 trahebant
1207 3796 1393 3892 in'ratio·
1405 3781 1578 3914 ᾖξ’,ζιξζξῗὶ
1599 3801 1632 3836 ⁸·

119 3912 404 4026 nereciproca
419 3909 627 4024 duplicata
638 3907 1190 4026 distantiarum,habcbuntur
1199 3912 1279 4016 jam
1291 3879 1424 3999 bina*

119 4031 259 4116 uires,
287 4057 365 4118 una
378 4027 531 4116 dircen
544 4024 594 4110 ad
607 4050 791 4112 centrum
805 4029 846 4108 in
860 4027 1018 4111 ratione
1032 4026 1241 4140 reciproca
1256 4025 1393 4141 dupli-

115 4165 222 4230 cata
239 4141 510 4232 distantiarum
534 4145 583 4230 ab
597 4140 687 4257 ipso
699 4167 870 4232 centro,
900 4144 946 4227 &
966 4141 1117 4232 altera,
1144 4173 1227 4256 qua
1257 4165 1391 4256 parter

117 4256 250 4349 fluidi
264 4258 345 4362 jam
368 4257 604 4374 homogenei
620 4255 835 4351 letrahunt
863 4260 905 4339 in
930 4261 1087 4342 ratione
1114 4263 1267 4372 pariter
1289 4257 1391 4341 reci-

95 4399 260 4490 *proca
272 4371 479 4482 duplicata
505 4373 822 4476 distantiaruma
848 4366 887 4454 se
915 4373 1110 4458 invicem.
1139 4371 1389 4478 Dillnlvatut

117 4497 213 4602 jam
226 4488 305 4574 hoc
320 4485 495 4578 fluidum
512 4547 523 4582 ,
542 4493 587 4576 ἃ
602 4486 823 4598 liquescat,
857 4515 903 4574 ac
914 4511 1114 4599 quaeratur
1131 4491 1252 4574 status
1271 4494 1393 4604 aequi·

119 4604 248 4692 librii
276 4605 403 4690 totius
431 4603 588 4713 hujusce
613 4600 755 4698 fluidi,
781 4633 838 4698 ¹en
869 4606 975 4688 enim
1004 4604 1106 4688 statu
1133 4605 1326 4694 invento,
1362 4599 1391 4688 sa

14 4723 18 4732 ’
114 4727 282 4824 iterum
299 4719 530 4844 concrescat
554 4719 697 4834 globus
712 4719 852 4920 iqeqai
884 4717 1055 4842 liuidum
1081 4719 1388 4834 reliquumnon
1436 4773 1448 4822 ·.

1259 4855 1391 4921 muta·
1619 4899 1625 4911 .
