4178 5748
649 589 707 668 m
998 573 1562 662 OPUSCULUM
1733 677 1738 684 Ι

650 677 918 779 servatione,
947 688 1050 774 caelo
1064 712 1199 776 tamen
1225 691 1457 808 plerumque
1481 688 1697 778 admodum
1713 687 1910 805 caligino-

649 795 720 886 so.
753 804 814 890 Ibi
845 827 978 892 autem
1008 809 1052 890 δε
1078 809 1132 893 αἱ),
1157 831 1330 925 utroque
1360 819 1570 898 Zanotto‚
1603 812 1647 892 ἃ
1673 839 1696 891 a
1719 809 1908 895 Gabriele

647 916 903 1013 Maahedio,
935 926 980 1006 ἃ
1005 930 1218 1016 aRiccato
1244 929 1407 1022 nostro,
1431 927 1698 1011 celeberrimis
1723 953 1795 1038 per
1822 931 1911 1009 uni-

648 1034 800 1142 uersam
816 1044 1016 1152 Europam
1040 1045 1134 1130 viris
1161 1055 1295 1158 (quos
1319 1046 1418 1129 mihi
1433 1042 1567 1128 multo
1588 1065 1704 1126 antea
1728 1041 1910 1127 amicilli·

536 1219 539 1226 .
649 1181 765 1244 mos,
792 1161 836 1242 δε
852 1183 936 1242 tum
951 1159 1112 1269 quidem
1140 1165 1273 1248 multo
1299 1159 1542 1274 frequentius
1571 1187 1726 1243 mecum
1744 1183 1910 1272 agentes

647 1264 940 1360 familiarissime
957 1288 979 1364 ‚'
995 1307 1044 1362 ex
1072 1301 1183 1365 tanta
1213 1276 1528 1365 dodiillimorum
1558 1279 1737 1360 virorum
1753 1304 1911 1361 corona

648 1385 815 1492 seledtos
848 1411 1156 1502 commemoro)
1188 1425 1326 1480 omnes
1358 1393 1619 1479 humanitatis
1647 1389 1911 1505 fignificatio·

647 1533 713 1590 nes
744 1506 977 1595 habuimus.
1011 1512 1061 1596 Et
1085 1509 1279 1614 Francisci
1304 1511 1470 1625 quidem
1489 1511 1656 1595 Zanotti
1684 1537 1808 1600 cura,
1841 1512 1911 1622 qui

649 1624 877 1728 Academiae
894 1625 1159 1714 celeberrimae
1176 1632 1231 1715 ell
1247 1661 1270 1713 a
1294 1625 1452 1714 secretis
1470 1681 1481 1714 ‚
1514 1655 1636 1710 acme
1659 1627 1909 1710 humanitate

647 1741 801 1828 summa
816 1747 856 1827 in
872 1743 1037 1830 eandem
1049 1748 1307 1832 Academiam
1330 1769 1423 1830 ante
1437 1741 1594 1855 aliquot
1618 1770 1741 1828 annos
1759 1740 1909 1827 adscri-

646 1857 807 1976 pscrat,
839 1860 1037 1974 quidquid
1058 1865 1107 1948 ad
1132 1864 1364 1950 Institutum
1392 1859 1574 1978 spectat,
1603 1887 1735 1944 rerum
1763 1861 1804 1940 in
1827 1862 1910 1974 pri·

647 1981 721 2062 mis
746 1978 795 2064 ad
822 1980 1028 2064 historiam
1058 1981 1278 2066 naturalem
1306 1980 1596 2096 pertinentium
1623 1974 1910 2062 collediionem

649 2091 738 2178 sane
754 2092 1032 2184 admirabilem
1047 2127 1117 2211 per
1142 2102 1276 2182 otium
1296 2098 1466 2181 vidimus
1484 2151 1511 2198 ‚⁸
1530 2093 1724 2178 Eustachii
1739 2093 1908 2178 Zanotti

647 2212 897 2298 humanitate
924 2214 1476 2304 instrumentahstronomica
1496 2212 1683 2296 Londino
1709 2209 1908 2295 advecta,

649 2327 1018 2418 consideravimus,
1051 2333 1095 2416 δι
1109 2359 1293 2415 unacum
1315 2361 1365 2416 eo
1380 2327 1656 2416 solstitialibus
1681 2326 1821 2410 diebus
1841 2331 1910 2413 ob·

650 2443 891 2530 servationes
920 2450 1126 2534 habuimus
1142 2453 1183 2532 in
1208 2446 1394 2562 specula,
1428 2448 1604 2532 Riccato
1633 2467 1767 2531 autern
1784 2448 1911 2529 comi·

654 2583 764 2648 tante
780 2560 905 2676 ipsam
918 2565 1094 2679 Collegii
1110 2565 1248 2650 villam
1264 2568 1459 2650 adivimus
1476 2622 1488 2654 ‚
1520 2567 1565 2649 &
1578 2595 1629 2650 ex
1646 2591 1691 2646 ea
1705 2565 1747 2642 in
1763 2563 1912 2648 editio-

651 2707 694 2762 re
709 2701 847 2763 monte
862 2677 934 2765 fita
961 2678 1262 2769 observationes
1281 2684 1512 2768 habuimus.
1540 2680 1691 2764 Eodem
1706 2679 1909 2768 Riccatm

652 2799 696 2878 δε
715 2795 903 2882 Gabriele
922 2797 1148 2884 Manfredio
1173 2801 1398 2886 comitante
1424 2829 1495 2914 per·
1521 2798 1603 2882 dies
1620 2793 1754 2910 plures
1781 2790 1912 2882 invifi·

651 2941 737 3016 mus
753 2939 906 3000 novum
920 2914 1224 3004 Bononienlium
1242 2947 1432 3029 aquarum
1448 2915 1630 3006 alveum,
1659 2941 1776 3024 quern
1792 2914 1914 2996 Bene·
1988 2979 1991 2988 ,

650 3029 849 3116 didlinum
878 3030 1115 3147 appellant,
1148 3036 1194 3117 &
1209 3037 1352 3118 veteris
1369 3035 1466 3118 Padi
1494 3034 1707 3116 dexterum
1729 3057 1910 3122 ramum,

649 3147 690 3228 in
709 3175 827 3259 quem
851 3151 882 3232 is
897 3147 1060 3242 influit,
1093 3178 1184 3235 curn
1202 3152 1579 3260 circumjacentibus
1604 3151 1782 3261 campis,
1812 3143 1912 3251 juffu

651 3263 955 3352 Eminentillimi
983 3265 1208 3351 Cardinalis
1241 3271 1381 3352 Doriae
1418 3291 1503 3354 tum
1535 3267 1725 3352 Bononiae
1753 3264 1912 3373 legati,

650 3381 896 3494 quiquidem
912 3379 995 3492 ipse
1020 3386 1223 3495 postremo
1240 3385 1307 3466 die
1332 3385 1470 3471 locum
1501 3382 1628 3468 adivit
1641 3377 1834 3494 praesens,
1869 3383 1913 3465 δε

652 3495 805 3614 semper
819 3526 891 3584 nos
907 3496 1040 3584 secum
1066 3501 1208 3586 habuit
1226 3561 1238 3591 ‚
1268 3499 1494 3589 incredibili
1511 3522 1644 3587 autem
1660 3498 1913 3582 humanitate

651 3644 723 3700 nos
739 3620 912 3728 primurn
927 3619 1051 3701 etiam
1064 3621 1286 3704 Bononiam
1302 3621 1556 3706 advenientes
1573 3637 1810 3728 exceperat.
1833 3611 1913 3698 Cui

651 3737 813 3844 quidem
832 3737 923 3821 viro
938 3735 993 3824 ob
1019 3734 1297 3820 incredibilem
1313 3738 1434 3822 animi
1460 3765 1552 3848 erga
1567 3764 1631 3818 me
1649 3728 1704 3818 sui
1721 3727 1913 3844 fignifica-

654 3856 835 3940 tionem,
867 3881 912 3936 ae
934 3849 1127 3939 beneficia
1154 3856 1195 3936 in
1210 3886 1273 3942 me
1301 3851 1509 3939 collata&
1538 3875 1625 3934 tum
1648 3847 1811 3962 quidem
1834 3849 1912 3945 Bo·

650 3971 812 4058 neniae,
845 3971 889 4054 δε
904 3997 1007 4056 nunc
1022 3971 1086 4052 hic
1100 3974 1272 4063 Romae,
1305 3975 1365 4059 ita
1390 3970 1599 4057 obstridius
1624 3961 1739 4056 sum,
1765 3987 1813 4048 ut
1828 3993 1913 4050 uer·

650 4089 711 4172 bis
726 4082 817 4172 satis
833 4087 969 4172 ellerre
987 4115 1232 4199 nequaquam
1249 4091 1414 4204 poilim.

424 4225 556 4320 regern
578 4224 635 4275 aa
711 4233 799 4301 171.
864 4207 1021 4318 Viginti
1037 4209 1119 4292 dies
1135 4204 1407 4320 insumpfimus
1423 4209 1571 4322 partim
1586 4207 1803 4292 Bononia,
1830 4227 1915 4314 par·

403 4321 497 4438 fill?-
510 4307 633 4434 ‘¹22³‘ss
650 4324 725 4408 tim
742 4324 783 4404 in
797 4350 848 4406 eo
868 4325 1039 4420 itinere,
1070 4332 1112 4408 in
1135 4356 1219 4439 quo
1234 4328 1356 4410 etiam
1373 4326 1505 4440 plures
1533 4324 1823 4437 geographicas
1838 4319 1912 4403 ob·

403 4460 473 4554 orsu
509 4465 632 4516 Brttono·
650 4439 893 4528 feriationes
906 4444 1113 4531 habuimus
1134 4511 1142 4530 .
1176 4446 1269 4529 Erat
1281 4446 1444 4560 quidem
1460 4449 1610 4527 animus
1625 4444 1665 4526 in
1681 4460 1913 4526 montanam

403 4555 486 4592 ‘¹³⁰¹'
652 4563 775 4648 etiam
790 4559 1043 4648 Bononienfis
1058 4567 1282 4654 Provinciae
1308 4585 1464 4674 partem
1487 4589 1725 4650 excurrere,
1752 4582 1842 4670 quae
1858 4554 1913 4636 di·

652 4676 869 4790 ligentiore
895 4679 1175 4769 observatione
1205 4681 1449 4792 indigebat,
1483 4677 1744 4791 campestrem
1774 4675 1910 4759 eninm

653 4799 734 4902 ejus
757 4821 913 4912 partem
941 4799 1165 4916 peritiffimi
1192 4794 1456 4886 Bononienlea
1473 4803 1723 4886 Geometras·
1730 4797 1810 4903 jam
1827 4788 1913 4994 gri·

1857 4932 1916 4990 em
