4256 5730
563 569 595 654 P
654 569 697 650 R
755 567 775 647 l
834 565 879 650 M
938 563 976 644 U
1038 559 1107 644 M.
1420 593 1473 673 39

223 694 410 810 operibus
437 681 586 799 jamdiu
615 683 814 768 inchoatis
840 678 1017 770 viderem
1041 680 1159 762 nimis
1188 676 1443 767 distradtum.
1497 787 1501 796 Ι

276 843 345 919 79.
410 805 504 890 Erat
519 828 656 889 autem
681 803 746 885 hic
761 805 905 886 Romae
917 799 1060 884 itidem
1080 797 1176 908 ‚qui
1190 803 1235 884 da
1252 797 1378 886 adhuc
1392 801 1478 898 est,
1532 829 1722 900 Qarugm.

1450 923 1457 938 ·
1495 911 1624 964 statutus
1635 910 1728 966 lustra·
1796 949 1800 958 .

216 928 459 1043 Augustinus
489 918 617 1007 Rufus
644 915 880 1004 Veronensis
907 917 1098 1000 Sacerdos
1127 975 1138 1008 ‚
1169 917 1232 1002 vir
1260 914 1301 1000 in
1320 921 1480 1036 .0ptic1s
1496 1002 1534 1038 m
1678 996 1699 1042 Α

216 1048 435 1174 operibus,
456 1033 719 1155 perspicillis,
738 1034 1000 1148 telescopiiss
1015 1029 1322 1149 microscopiis,
1351 1005 1664 1136 elno-assiriis
1682 1007 1728 1122 ei]

218 1163 350 1252 randis
365 1160 573 1274 egregius,
603 1157 767 1242 idemin
795 1155 881 1240 aliis
910 1157 1080 1242 itidem,
1107 1181 1183 1266 que
1208 1153 1256 1234 ad
1284 1150 1484 1270 physicam
1500 1158 1591 1200 '²‘⁰¹·

216 1273 576 1396 experimentalem
591 1276 819 1389 pertinent,
836 1273 1105 1361 instrumentis
1121 1267 1182 1356 vel
1197 1273 1484 1368 construendis,

219 1399 285 1487 vel
312 1393 546 1510 reparandis
578 1393 848 1481 exercitatus,
877 1394 947 1508 qui
970 1391 1073 1475 haud
1091 1393 1149 1475 ita
1175 1389 1309 1476 multo
1333 1415 1486 1478 antes

217 1515 270 1603 ad
298 1542 460 1600 omnem
476 1511 890 1597 machinamentorum
913 1507 1068 1628 publici
1080 1502 1399 1628 Archigymnafii
1413 1537 1483 1594 cu·

82 1659 90 1677 “
216 1664 306 1719 ram
324 1629 728 1725 „constructionem
754 1633 1052 1742 reparationem
1066 1624 1197 1714 suerat
1212 1626 1411 1720 adlectum
1437 1647 1482 1711 at

220 1753 255 1834 is
269 1749 507 1865 quadrantes
538 1745 670 1830 nullos
691 1773 865 1860 unquam
895 1744 1151 1863 perfecerat,
1180 1742 1353 1832 sectores
1379 1745 1485 1832 vide·

223 1890 289 1951 rat
302 1862 435 1950 nullos
450 1929 459 1948 .

283 1999 349 2071 So.
413 1979 523 2067 lllius
539 2003 671 2066 tamen
685 1983 880 2094 ingenio,
912 2003 1032 2098 atque
1050 1981 1278 2072 industriae,
1307 2007 1400 2064 cum
1414 1975 1485 2062 alii
1539 1987 1732 2060 Maduat-

222 2098 424 2187 deelsent,
454 2127 500 2182 ac
514 2129 587 2183 nos
603 2093 675 2211 ipsa
690 2095 884 2210 possemus
898 2129 1000 2214 opus
1011 2103 1217 2214 dirigere,
1247 2092 1485 2210 &frequem
1499 2067 1738 2220 ἑζζῇᾟξζὲζξζῗζ*

221 2241 281 2304 tes
297 2210 497 2310 invisere,
527 2213 731 2300 fidendum
748 2210 849 2310 suin
872 2247 959 2332 quac
978 2251 1040 2306 res
1057 2246 1108 2302 eo
1123 2222 1250 2302 minus
1274 2215 1483 2300 accidebat
1503 2221 1643 2316 quaram
1670 2237 1732 2312 1²¹3·

221 2331 511 2423 incommoda,
539 2332 650 2445 quod
676 2362 754 2446 ego
780 2335 944 2446 quidem
972 2332 1166 2424 seciorem
1192 2329 1484 2446 novaquadam
1504 2300 1733 2454 sssiss'f'qffflqsid.

219 2483 309 2539 mea
321 2449 547 2543 methodo,
574 2452 707 2564 inqua
723 2448 897 2563 reliquos
923 2457 1047 2538 eti'am
1077 2448 1246 2539 artifices
1270 2446 1484 2566 quoscum·
1504 2459 1579 2514 θον·

219 2600 298 2684 que
313 2597 445 2655 novos
472 2567 544 2654 esse
570 2588 815 2682 oporteret,
843 2573 1017 2659 construi
1032 2569 1249 2660 volebam,
1277 2566 1485 2683 quamius

218 2712 368 2802 quarto
394 2683 544 2772 itidem
572 2683 772 2798 opusculo
790 2681 949 2798 ¹summa
972 2719 1092 2781 cura,
1118 2718 1164 2775 ac
1182 2684 1398 2800 diligentia
1414 2709 1486 2766 ex·

217 2803 410 2920 plicabo.
446 2806 601 2891 Ibidem
617 2828 749 2892 autent
764 2807 1324 2922 exponam&quadrante1n‚
1353 2797 1488 2910 inquo

218 2917 489 3036 telescopium
519 2917 646 3006 fixum
687 2923 886 3037 duplicari
912 2931 1069 3011 curavi-t
1096 2931 1138 3010 P.
1166 2925 1294 3008 Maire
1323 2973 1336 3010 ³
1375 2911 1488 3025 quod

215 3036 380 3123 summo
397 3039 515 3123 nobis
539 3040 775 3124 adiumento
790 3037 867 3123 fuit
887 3099 897 3130 ‚
930 3047 1033 3125 utin
1059 3041 1204 3125 eodem
1216 3035 1491 3152 patebitopu-

215 3153 339 3240 sculo
370 3176 548 3264 quarto,
580 3154 633 3236 ad
664 3183 752 3236 eam
778 3151 1113 3242 testificationem
1140 3157 1181 3240 in
1212 3151 1379 3266 primis,
1412 3171 1499 3262 quae

216 3267 440 3355 necessaria
468 3270 553 3358 est,
584 3270 654 3355 ubi
678 3266 888 3355 verticales
917 3270 1152 3360 altitudines
1179 3267 1493 3379 investigantur,

215 3383 482 3503 praestandam
500 3383 578 3469 sne
594 3381 855 3472 conversione
869 3387 1101 3500 quadrantis
1121 3421 1129 3476 :
1163 3389 1306 3504 plura,
1338 3409 1424 3492 quae
1442 3381 1490 3464 ad

217 3504 477 3614 micrometri
506 3503 830 3591 commodiorem
858 3503 999 3598 usum,
1032 3507 1139 3595 &ad
1153 3501 1362 3615 obliquam
1373 3493 1493 3612 ipsius

218 3619 456 3736 quadrantis
483 3617 726 3736 politionem
752 3647 1045 3738 quamcumque
1074 3623 1191 3711 facile
1229 3614 1503 3707 obtinendam..

220 3740 463 3853 pertinent,
497 3767 574 3853 pro
607 3735 678 3823 suo
699 3733 783 3853 ipse
812 3740 977 3854 ingenio
993 3741 1150 3834 Rufus,
1181 3764 1223 3822 re
1247 3730 1486 3822 nobiscnm

223 3856 555 3947 communicata.
585 3851 677 3940 satis
691 3852 873 3971 apposite
900 3861 1189 3978 excogitavit,
1221 3877 1343 3968 atque
1361 3846 1492 3966 perse·

223 3976 313 4058 cit.
345 3975 433 4088 Ego
461 3995 595 4060 autem
626 3975 946 4062 additamentum
961 3979 1197 4094 quoddam,
1227 3969 1338 4087 quod
1368 3967 1490 4052 redii·

223 4084 392 4175 ficandis
423 4090 540 4178 limbi
568 4091 830 4180 divisionibus
868 4098 1112 4208 aptiffimum
1139 4154 1152 4187 ,
1184 4117 1304 4204 atque
1334 4081 1490 4174 utilisli·

226 4237 335 4294 mum
352 4205 501 4295 censeo
527 4205 615 4297 sore
640 4209 727 4296 aliis
739 4214 864 4296 etiam
890 4215 945 4294 im
980 4217 1177 4306 ollarum,
1204 4202 1487 4323 apponendum

229 4329 389 4412 cirrati.
424 4325 501 4414 Sed
529 4327 580 4412 de
603 4331 652 4414 iis
679 4331 861 4415 omnibus
891 4243 1033 4423 feliis,
1066 4356 1188 4445 atque
1216 4325 1495 4439 opportunius

232 4467 387 4552 agemus
399 4443 505 4532 infra
522 4445 724 4561 opusculo
740 4443 829 4562 ipso
843 4474 992 4562 quarto
1010 4517 1018 4536 .
1052 4446 1154 4533 Illud
1172 4443 1371 4534 unumhlc
1387 4467 1488 4551 prae·

230 4581 341 4643 terea
354 4560 579 4650 addendum
607 4563 800 4684 superest,
833 4568 893 4652 ita
913 4563 1043 4682 ipsum
1061 4563 1197 4653 officio
1222 4560 1293 4646 suo
1310 4557 1490 4642 sundtum
1539 4585 1540 4589 ‘

226 4671 331 4768 efl'es
366 4703 412 4764 ut
426 4681 729 4772 instrumentum
744 4708 960 4797 utrumque
985 4683 1036 4770 ad
1054 4681 1351 4772 observationes
1367 4699 1490 4782 quam

225 4795 515 4891 accuratiffime
534 4803 730 4892 habendas
744 4804 932 4888 extiterit
947 4791 1329 4916 opportunissimum
1348 4786 1487 4884 ,dem-

1408 4930 1485 5018 pto
