4156 5752
456 573 792 708 QUdR
851 573 888 658 'l'
945 578 1001 668 U¹
1037 581 1108 664 M.
1329 571 1414 671 dar

165 689 245 790 lior
260 687 478 784 ellllexusr
504 691 664 792 rdcirco
679 685 1023 778 libuitcochleam
1047 691 1172 804 ipsam
1190 695 1418 784 breviorem
1464 742 1493 792 e.
1510 751 1537 802 ⁵.

168 808 378 906 adhibere,
401 834 490 922 quae
515 809 705 892 nimirum
729 835 800 921 per
816 805 846 921 {—
863 807 977 922 pedis
1002 805 1259 899 adsurnmurn
1278 839 1416 898 excur-

163 947 248 1012 rat.
279 931 369 1014 Nec
388 923 431 1008 id
456 921 569 1008 illam
586 921 850 1008 collationem
880 929 1058 1037 partium
1074 928 1271 1032 majorum
1302 927 1417 1042 pediu

159 1043 333 1158 impedit
350 1095 362 1136 ,
391 1067 480 1154 quae
495 1041 573 1124 hac
599 1038 676 1124 alia
702 1040 860 1128 ratione
877 1040 1092 1128 admodum
1108 1039 1222 1128 facile
1238 1045 1414 1158 praestar'r

190 1161 316 1247 otest.
336 1159 518 1249 Duratur'
531 1160 573 1239 in
587 1153 775 1270 longiore
789 1161 900 1244 vitro
917 1163 1027 1248 recta
1046 1157 1227 1272 pluribus
1243 1160 1417 1274 paralio:

160 1189 211 1362 lu
227 1273 419 1374 traversa,
433 1303 600 1388 quarum
616 1268 784 1360 secunda
797 1275 917 1361 distet
931 1307 954 1360 a
964 1277 1096 1389 prima
1107 1307 1182 1390 per
1196 1276 1415 1370 dimidium
1519 1355 1525 1366 .

161 1395 338 1506 digitum
364 1393 416 1480 ad
444 1386 624 1482 leolum,
654 1415 742 1474 tum
768 1393 1077 1504 tertiaaprima
1103 1421 1175 1507 per
1200 1393 1410 1506 digitum»

158 1535 304 1626 quarta
325 1512 493 1624 aprima
515 1535 627 1620 per3
653 1503 831 1618 digitos,
860 1509 1005 1619 quinta
1031 1537 1103 1622 per
1130 1522 1169 1596 6.
1186 1509 1419 1624 Applicato.

161 1623 360 1738 ejusmodi
377 1630 489 1716 vitro
505 1625 591 1722 ita,
620 1643 667 1708 ut
690 1623 817 1734 prima
846 1623 1035 1737 parallela
1049 1633 1247 1738 congruat
1264 1627 1313 1716 ad
1328 1623 1412 1714 len·

159 1742 248 1831 sum
261 1771 355 1828 cum
368 1742 490 1829 initio
502 1742 622 1854 primi
651 1733 897 1851 semidigiti‚
929 1740 1110 1856 adeoque
1140 1739 1419 1834 seeundacum.

158 1858 266 1962 fine,
298 1880 457 1950 notetur
471 1855 688 1968 diligenter
706 1883 758 1969 ap
789 1855 891 1944 ullus
904 1858 1013 1941 initii
1029 1862 1115 1965 ejus
1128 1857 1346 1976 semidigiti
1360 1861 1412 1946 ad

157 1979 334 2092 primam
346 1972 604 2091 parallelum,
638 1996 726 2061 tum
769 1973 829 2058 nir
841 1973 892 2058 ad
907 1971 1116 2062 secundam
1132 2041 1141 2060 .
1160 1979 1255 2086 Siin
1267 1976 1415 2064 eodem

158 2123 328 2182 numero
356 2095 545 2179 habeatur
580 2084 745 2202 'uterque
773 2087 985 2204 appulsusr
1015 2092 1201 2178 distantia
1220 2087 1417 2186 'binarum

155 2208 441 2328 parallelorum
472 2208 691 2321 aequabitur
714 2231 897 2300 accurate
911 2209 950 2292 ei
966 2205 1225 2322 lemidigiro,
1252 2207 1308 2294 lm
1339 2213 1414 2296 mi·
1501 2237 1503 2242 ·

154 2356 259 2418 nus,
287 2324 510 2412 innotescet
524 2323 766 2416 discrimen,
792 2324 904 2440 quod
917 2327 997 2412 erit
1009 2353 1223 2440 paucarum
1236 2336 1416 2442 particu-

156 2444 289 2538 larum
301 2444 577 2536 micrometri.
602 2441 810 2528 Restituto
836 2446 1150 2530 micrometroin
1163 2439 1333 2530 eundem
1348 2445 1417 2530 ila-

157 2587 248 2656 tum
264 2615 278 2652 ,
294 2582 585 2674 promoveatur
599 2559 707 2644 idem
723 2561 872 2648 vitrum
894 2564 952 2648 ita
969 2611 979 2648 2
999 2584 1043 2648 ut
1057 2564 1136 2666 jam
1150 2569 1350 2674 congruat
1365 2563 1416 2646 ad

154 2675 310 2773 sensum
325 2707 416 2764 curn
432 2673 606 2767 secundo
636 2671 869 2788 lemidigito
897 2677 1004 2762 idem
1031 2674 1130 2762 illud
1159 2675 1417 2762 intervallum

155 2799 265 2890 inter
291 2791 447 2896 easdem
473 2791 559 2878 illas
586 2786 794 2906 parallelas
821 2823 831 2876 ε
858 2787 1094 2882 observetur
1123 2794 1267 2878 eodem
1296 2796 1421 2904 padio

156 2915 242 3019 ejus
269 2907 529 2998 discrimena
554 2905 729 2997 secundo
754 2906 1012 3022 semidigito‚
1041 2931 1159 3020 atque
1177 2910 1237 2992 ita
1262 2929 1420 3020 porro.

157 3029 374 3116 Constabit
392 3023 506 3120 sane,
535 3049 728 3139 quantum
755 3023 894 3110 omnes
914 3022 1132 3137 semidigiti
1157 3027 1261 3107 inter
1277 3018 1315 3106 se
1341 3019 1419 3108 dif-

154 3143 317 3241 ferant,
339 3147 384 3228 δε
396 3143 623 3254 apparebit,
640 3169 689 3223 an
701 3141 948 3229 differentia,
961 3165 1075 3226 eruta
1088 3167 1137 3224 ex
1153 3142 1420 3228 trientumbi·
1540 3182 1546 3229 2
1644 3189 1658 3218 .-

99 3307 105 3321 ·
154 3287 229 3344 nas
258 3259 558 3342 continentium
586 3253 704 3342 lineas
746 3257 1056 3369 comparatione
1095 3261 1200 3344 inter
1227 3252 1292 3348 se,
1321 3285 1419 3342 con·

155 3395 280 3488 gruat
307 3401 401 3458 cum
415 3371 641 3460 differentia
657 3403 707 3458 eo
730 3380 854 3488 paeto
871 3375 1099 3460 immediate
1124 3370 1314 3458 delinita.
1336 3376 1416 3462 Eo·

154 3493 252 3578 dem
270 3512 405 3576 autem
420 3493 544 3604 pacto
559 3517 638 3604 ope
652 3488 852 3578 intervalli
865 3494 971 3576 inter
983 3493 1154 3602 primam
1170 3493 1238 3584 ,δι
1253 3491 1418 3582 tertiam

155 3603 395 3723 parallelum
407 3601 669 3694 conferentur
682 3609 788 3692 inter
815 3601 853 3696 se
867 3604 1063 3720 pollices,
1094 3630 1185 3692 turn
1198 3635 1277 3718 ope
1291 3607 1419 3698 interr:

155 3723 252 3812 ualli
268 3727 378 3808 inter
397 3727 642 3839 primumn&
657 3748 843 3836 quartam
859 3724 964 3808 terni
983 3719 1180 3836 pollices,
1198 3720 1418 3807 ac‘demum

156 3869 236 3957 ope
266 3840 473 3941 intervalli
500 3843 604 3926 inter
618 3845 819 3956 primam,
841 3845 886 3926 &
904 3842 1088 3952 quintam
1109 3836 1192 3924 leni
1220 3836 1419 3951 pollices,

158 3956 565 4074 ueldimidiipedes.
613 4013 616 4020 -

219 4089 288 4176 64.
321 4073 573 4188 thuidem‚
602 4071 713 4188 quod
734 4075 906 4160 maxime
939 4075 1207 4164 commodum
1235 4071 1415 4162 accidit,

157 4189 242 4282 bac
258 4196 515 4306 comparatio
530 4220 612 4278 non
628 4189 776 4304 pendet
790 4221 812 4274 a
827 4191 929 4282 statu
941 4191 1116 4288 cochleae
1133 4249 1145 4284 ‚
1163 4196 1209 4279 δε
1223 4221 1274 4278 eo
1289 4191 1415 4274 etiam
1440 4172 1668 4318 ‚ssfflssgffissff

156 4297 470 4421 nonexplorato
485 4309 665 4396 adhiberi
679 4309 812 4418 potest
825 4335 919 4390 cum
945 4305 1091 4398 eodem
1123 4305 1282 4398 fructu.
1308 4311 1414 4394 Nam
1437 4326 1519 4382 tau·

156 4427 229 4512 ubi
245 4421 396 4538 fingula
409 4429 589 4512 binarum
604 4423 797 4508 linearum
814 4419 1029 4512 intervalla
1052 4425 1317 4540 explorantur
1334 4453 1421 4508 me·.

156 4541 289 4648 thodo
319 4539 383 4628 hic
410 4545 587 4634 tradita,
604 4571 677 4656 per
697 4544 855 4626 unicam
867 4538 964 4622 vitri
984 4545 1132 4626 restam
1148 4577 1160 4638 ;
1177 4543 1415 4632 adhibentur
1454 4645 1456 4650 ι

8 4669 11 4770 ζ
151 4659 319 4776 quidem
330 4667 427 4772 quin
459 4692 505 4748 ue
520 4653 795 4750 converliones
811 4664 976 4768 integrae
993 4659 1002 4739 i
1007 4654 1108 4773 psius
1125 4657 1300 4751 cochleae
1318 4715 1336 4752 ,p
1353 4651 1418 4738 sed
1546 4741 1551 4754 ,

5 4792 11 4882 ζ
155 4780 398 4891 adhibentur
426 4691 581 4894 llemper
605 4779 780 4872 eudem,
811 4769 1084 4864 &discrimen
1096 4771 1246 4888 pendet
1264 4779 1316 4860 ab'
1343 4767 1417 4968 ill'p

5 4925 6 4932 '
607 4943 609 4950 ¹
1286 4915 1383 4982 exce
1401 4929 1420 4947 ·
