4178 5748
174 731 346 855 prehensi
361 731 778 828 biduo‘consiitimus,
811 759 900 828 tum
916 732 1006 852 ipso
1020 733 1189 824 solemni
1207 734 1436 850 die‚quem

153 857 313 968 'Corpus
333 855 481 937 Domini
496 854 694 946 dicimus,
723 860 922 972 urgebant
934 857 1042 939 enim
1066 857 1255 968 angustiat
1269 880 1436 974 tempo·-

170 971 250 1062 πίε,
282 972 354 1056 ubi
368 973 544 1084 pinnum
560 969 728 1067 illuxit,
760 979 904 1062 turrim
917 977 1223 1088 Campaoariam
1247 969 1434 1068 conscen·

174 1091 333 1182 dimus,
360 1094 406 1183 δι
422 1086 524 1174 caelo
543 1087 762 1182 admodum
789 1093 954 1184 sereno,
979 1088 1330 1182 sianteitaatriter
1354 1097 1433 1182 Bo·

171 1237 238 1298 tea
255 1264 267 1299 ,
301 1229 350 1300 ut
364 1210 405 1290 in
420 1203 648 1322 ipsaaesiate
660 1215 823 1298 immani
839 1207 990 1324 frigore
1007 1204 1404 1298 contremisceremua
1421 1270 1435 1304 .

173 1326 388 1444 copiosam
405 1325 621 1418 admodum
641 1327 970 1419 obseruationem
1002 1329 1268 1420 instituimnst
1290 1328 1436 1418 deindo

173 1473 272 1534 uero
286 1441 406 1538 sacris
420 1447 500 1528 rite
513 1447 715 1559 parastis,
734 1449 870 1566 sequos
884 1438 1185 1534 conscendimus
1206 1499 1219 1534 ‚
1242 1447 1287 1532 dt
1327 1445 1437 1535 ausio

175 1587 272 1653 unte
292 1561 506 1672 Matidiam
533 1563 694 1661 advetii
714 1567 757 1650 in
769 1563 1125 1682 oppidum2quod
1151 1589 1258 1650 nunc
1283 1475 1437 1652 dicitut

176 1685 436 1774 Vnimanum,
467 1679 666 1799 aliquibus
688 1705 796 1776 ¹vero
816 1683 874 1768 e'st
898 1705 1015 1777 vetus
1027 1683 1252 1774 Labicum,
1283 1684 1327 1764 in
1354 1711 1439 1770 ma·

175 1793 501 1910 gnificentiffimo
529 1800 850 1916 Pamphiliorum
866 1800 1054 1893 Palatio,
1084 1827 1259 1918 quorum
1273 1795 1442 1904 jurisest

179 1913 391 2030 ipseiocut
406 1913 754 2010 observationibus
776 1917 1001 2010 institutis,
1031 1917 1225 2004 Praenesie
1252 1943 1323 2029 per
1337 1914 1441 2002 sum.

172 2057 289 2124 mum
306 2029 569 2132 meridianum
585 2036 719 2126 aesium
730 2033 952 2122 adivimus,
975 2035 1047 2120 ubi
1064 2061 1138 2145 per
1150 2031 1310 2146 aliquot
1327 2059 1441 2125 conta

172 2148 329 2236 morati
343 2151 474 2245 horas,
487 2184 530 2239 re
547 2154 648 2240 bene
667 2153 786 2265 gesta,
800 2150 1035 2265 proximum
1048 2169 1229 2238 montem
1249 2146 1444 2245 conscen.

175 2264 336 2360 dimus,
358 2268 402 2348 in
416 2297 499 2381 quo
513 2274 559 2358 Β(
573 2269 872 2384 paguaexiguus
885 2265 969 2368 est(
985 2267 1043 2361 ibi
1055 2290 1190 2355 autem
1203 2289 1289 2353 etat
1305 2263 1438 2358 olima

172 2384 272 2480 urbs
298 2378 411 2504 ipsa)
443 2419 490 2475 ac
518 2383 673 2502 inipso
697 2413 806 2502 pago
835 2384 1095 2500 companatio
1122 2387 1270 2477 turris,
1293 2413 1347 2470 ex
1360 2414 1441 2502 quo

171 2496 414 2620 prospectus
440 2503 519 2592 sero
533 2509 842 2618 circumquaque
855 2499 1080 2615 longisfime
1107 2524 1249 2618 patet,
1277 2502 1439 2594 Ibidem

172 2616 224 2708 ud
242 2620 827 2738 nodemusqueperstitimus‚
860 2635 948 2701 tum
961 2615 1155 2706 montoso
1187 2618 1438 2713 admodum.

171 2736 219 2820 ἀ
237 2729 565 2832 molestoitinere
592 2743 715 2834 nodie
731 2737 811 2842 jam
823 2735 1087 2848 intempesta,
1119 2733 1271 2821 assiduo
1298 2731 1438 2822 laboro

172 2847 284 2941 seffi‚
300 2851 448 2970 deiapfi
463 2855 591 2942 sumus
603 2857 645 2936 in
658 2851 861 2970 oppidum
876 2851 919 2937 in
932 2853 1013 2933 ima
1031 2846 1148 2934 situm
1164 2849 1325 2966 angusta
1338 2849 1440 2942 vaiie

170 2967 221 3062 nd
237 2970 392 3066 radices
404 2974 607 3059 editisiimi
624 2971 778 3054 montis
795 2983 815 3056 2⁴
838 2995 957 3080 quem
970 2995 1063 3052 cum
1076 2970 1226 3081 exiguo
1243 2996 1349 3084 pago
1366 2960 1442 3081 ipsa

167 3081 487 3178 summoventici
512 3088 705 3201 imposito
734 3082 1151 3193 dieuntGuudagnoio.
1185 3082 1356 3194 Oppido
1368 3111 1444 3172 uo.-

168 3229 268 3294 tuen
281 3200 399 3293 Poli,
431 3203 543 3313 qood
570 3204 619 3284 ad
636 3198 916 3284 nobilissimam
927 3201 1108 3316 pertinet
1123 3193 1314 3294 familiam
1334 3199 1443 3286 du

165 3315 444 3416 Comitibus,
476 3320 522 3402 δε
549 3310 943 3428 magnificentissimas
968 3311 1127 3419 adjacet
1140 3343 1280 3400 eorum
1305 3313 1440 3408 villae.

31 3455 36 3470 ·
166 3457 299 3546 quam
315 3428 457 3522 dicunt
468 3439 672 3518 catenam.
689 3429 901 3543 Reparatia
914 3433 1110 3524 noeturna
1121 3434 1259 3557 quiete
1271 3431 1441 3528 viribus,

172 3542 401 3662 insequenti
415 3552 495 3641 die,
511 3553 645 3664 primo
659 3575 771 3634 mane
786 3547 827 3630 in
839 3541 972 3660 ipsum
985 3573 1132 3660 pagum
1146 3551 1275 3634 eved'ti
1289 3547 1444 3644 sumunt

171 3693 225 3754 ex
237 3691 322 3775 quo
340 3666 474 3757 multo
487 3669 611 3752 etiam
622 3662 797 3777 longius,
809 3691 929 3778 quam
941 3689 996 3748 ex
1015 3661 1089 3756 illo
1100 3665 1290 3775 januario
1301 3687 1443 3754 monte

173 3781 317 3912 paucis
349 3783 443 3870 inde
470 3782 648 3872 missibus
675 3782 878 3888 disjundio
903 3773 1006 3892 pros
1052 3784 1267 3894 Qospatet
1297 3785 1445 3872 inom-

175 3923 265 3981 nem
290 3897 567 3990 Sublacensem
584 3895 760 3991 vallem,
788 3903 830 3982 in
854 3808 1244 3994 uniueifaincitcum
1268 3904 1446 4014 Campa·

171 4016 250 4110 niae
266 4043 378 4101 oram
392 4073 405 4109 ‚
420 4023 465 4104 δε
479 4018 586 4115 uitta
602 4043 690 4102 eam
706 4017 748 4098 in
762 4043 927 4131 regnum
951 4013 1270 4129 Neapolitanum
1288 4071 1301 4108 ,
1334 4015 1444 4102 ultra

176 4133 404 4232 Romanam
424 4140 565 4223 urbem
593 4137 636 4218 in
654 4133 991 4229 Mediterraneum
1018 4161 1148 4227 mare,
1176 4130 1284 4224 ultra
1311 4137 1447 4224 Sotia-

174 4245 332 4344 nensem
348 4253 559 4339 Ciminum
577 4273 760 4338 montem
775 4251 817 4334 in
830 4246 956 4364 ipsam
970 4252 1229 4338 Hetturiam.

244 4379 335 4454 126.
368 4368 683 4465 Observationes
702 4367 751 4453 ad
766 4363 850 4466 loei
864 4385 1033 4481 puteum
1056 4391 1264 4464 extantem
1280 4368 1362 4470 alte
1375 4372 1437 4454 io·
1456 4421 1510 4472 nn
1533 4413 1594 4473 Μ,
1614 4417 1691 4492 ,ἡκ

181 4477 380 4580 stituimus
395 4543 408 4589 ‚
424 4511 509 4576 tum
527 4489 577 4574 ad
592 4487 764 4574 alterum
780 4486 930 4574 montis
949 4485 1051 4581 latus
1070 4514 1200 4603 prope
1223 4486 1439 4577 celeberri-
1456 4494 1487 4548 ¹0¹
1507 4498 1640 4565 reanum
1659 4499 1709 4553 n-

175 4625 368 4712 mamper
384 4633 430 4692 ea
445 4606 536 4698 soca
550 4609 679 4692 Beutae
693 4604 866 4720 Virginis
875 4601 1014 4696 eedem,
1027 4607 1285 4694 Mentoreslam
1301 4600 1440 4721 appel·
1456 4572 1571 4631 ‘'m''
1700 4665 1704 4676 ,

172 4717 281 4814 iant,
298 4722 463 4810 inedita
478 4753 595 4836 rupe,
609 4726 652 4806 in
665 4751 745 4837 qua
758 4725 796 4809 S.
810 4721 1002 4806 Eustachii
1020 4717 1231 4814 sacellum,
1247 4741 1295 4806 ut
1312 4718 1439 4836 vulgo

174 4837 236 4942 iai
251 4838 563 4944 traditonoervi
577 4832 1103 4946 ibidemeunicrucenifiiu
1117 4837 1198 4931 alta
1213 4835 1442 4927 stootenne·

831 4961 852 5056 Ι
882 4981 909 5050 ³
1256 4967 1446 5127 ”moriam
