<?xml version="1.0" encoding="UTF-8"?>
<!DOCTYPE html PUBLIC "-//W3C//DTD XHTML 1.0 Transitional//EN"
    "http://www.w3.org/TR/xhtml1/DTD/xhtml1-transitional.dtd">
<html xmlns="http://www.w3.org/1999/xhtml" xml:lang="en" lang="en">
 <head>
  <title>
</title>
<meta http-equiv="Content-Type" content="text/html;charset=utf-8" />
  <meta name='ocr-system' content='tesseract 3.04.00' />
  <meta name='ocr-capabilities' content='ocr_page ocr_carea ocr_par ocr_line ocrx_word'/>
</head>
<body>
  <div class='ocr_page' id='page_1' title='image "./delitterariaexp00boscgoog_0247.png"; bbox 0 0 4156 5752; ppageno 0'>
   <div class='ocr_carea' id='block_1_1' title="bbox 368 581 1917 3030">
    <p class='ocr_par' dir='ltr' id='par_1_1' title="bbox 368 581 1917 2910">
     <span class='ocr_line' id='line_1_1' title="bbox 660 581 1580 696; baseline -0.004 -30"><span class='ocrx_word' id='word_1_1' title='bbox 660 603 753 682; x_wconf 71' lang='lat'>220</span> <span class='ocrx_word' id='word_1_2' title='bbox 936 581 1580 696; x_wconf 72' lang='lat' dir='ltr'>,onusscutunt</span> 
     </span>
     <span class='ocr_line' id='line_1_2' title="bbox 416 691 1917 810; baseline -0.007 -16"><span class='ocrx_word' id='word_1_3' title='bbox 416 735 666 810; x_wconf 48' lang='lat' dir='ltr'>amatunam</span> <span class='ocrx_word' id='word_1_4' title='bbox 727 711 806 785; x_wconf 72' lang='lat'>61.¹</span> <span class='ocrx_word' id='word_1_5' title='bbox 827 695 1341 786; x_wconf 78' lang='lat' dir='ltr'>Delinitollatucochleae‚</span> <span class='ocrx_word' id='word_1_6' title='bbox 1356 697 1440 801; x_wconf 84' lang='lat' dir='ltr'>ejus</span> <span class='ocrx_word' id='word_1_7' title='bbox 1456 727 1483 780; x_wconf 96' lang='lat' dir='ltr'>o</span> <span class='ocrx_word' id='word_1_8' title='bbox 1514 691 1768 782; x_wconf 87' lang='lat' dir='ltr'>eadmodum</span> <span class='ocrx_word' id='word_1_9' title='bbox 1781 691 1917 792; x_wconf 80' lang='lat' dir='ltr'>facile,</span> 
     </span>
     <span class='ocr_line' id='line_1_3' title="bbox 414 724 1917 954; baseline 0.001 -54"><span class='ocrx_word' id='word_1_10' title='bbox 414 818 482 954; x_wconf 48' lang='grc' dir='ltr'>εἳ)</span> <span class='ocrx_word' id='word_1_11' title='bbox 499 813 710 954; x_wconf 51' lang='grc' dir='ltr'>θ’*ῗῑζῖὗξὸι</span> <span class='ocrx_word' id='word_1_12' title='bbox 724 813 944 926; x_wconf 75' lang='lat' dir='ltr'>admodum</span> <span class='ocrx_word' id='word_1_13' title='bbox 969 835 1063 902; x_wconf 91' lang='lat' dir='ltr'>tuto</span> <span class='ocrx_word' id='word_1_14' title='bbox 1082 813 1298 926; x_wconf 83' lang='lat' dir='ltr'>inquiritur</span> <span class='ocrx_word' id='word_1_15' title='bbox 1326 815 1366 898; x_wconf 90' lang='lat' dir='ltr'>in</span> <span class='ocrx_word' id='word_1_16' title='bbox 1379 724 1587 906; x_wconf 68' lang='lat' dir='ltr'>divissbnes</span> <span class='ocrx_word' id='word_1_17' title='bbox 1613 809 1731 936; x_wconf 76' lang='lat' dir='ltr'>ipsius</span> <span class='ocrx_word' id='word_1_18' title='bbox 1757 811 1917 902; x_wconf 78' lang='lat' dir='ltr'>laminae</span> 
     </span>
     <span class='ocr_line' id='line_1_4' title="bbox 368 911 1917 1045; baseline -0.005 -25"><span class='ocrx_word' id='word_1_19' title='bbox 368 989 373 998; x_wconf 89' lang='lat'><strong>·</strong></span> <span class='ocrx_word' id='word_1_20' title='bbox 469 911 516 952; x_wconf 53' lang='grc' dir='ltr'>ω’</span> <span class='ocrx_word' id='word_1_21' title='bbox 559 915 575 951; x_wconf 81' lang='lat'>⁰</span> <span class='ocrx_word' id='word_1_22' title='bbox 636 929 916 1041; x_wconf 82' lang='lat' dir='ltr'>&#39;mobilishoc</span> <span class='ocrx_word' id='word_1_23' title='bbox 945 934 1090 1045; x_wconf 69' lang='lat' dir='ltr'>pado.</span> <span class='ocrx_word' id='word_1_24' title='bbox 1120 933 1261 1016; x_wconf 87' lang='lat' dir='ltr'>Primo</span> <span class='ocrx_word' id='word_1_25' title='bbox 1287 927 1451 1042; x_wconf 88' lang='lat' dir='ltr'>quidem</span> <span class='ocrx_word' id='word_1_26' title='bbox 1477 931 1742 1021; x_wconf 87' lang='lat' dir='ltr'>micrometro</span> <span class='ocrx_word' id='word_1_27' title='bbox 1763 931 1917 1020; x_wconf 88' lang='lat' dir='ltr'>adini-</span> 
     </span>
     <span class='ocr_line' id='line_1_5' title="bbox 661 1045 1911 1138; baseline -0.002 -4"><span class='ocrx_word' id='word_1_28' title='bbox 661 1052 766 1135; x_wconf 88' lang='lat' dir='ltr'>tium</span> <span class='ocrx_word' id='word_1_29' title='bbox 793 1045 995 1134; x_wconf 75' lang='lat' dir='ltr'>divisionis</span> <span class='ocrx_word' id='word_1_30' title='bbox 1020 1046 1196 1135; x_wconf 67' lang='lat' dir='ltr'>adducito</span> <span class='ocrx_word' id='word_1_31' title='bbox 1227 1047 1494 1132; x_wconf 86' lang='lat' dir='ltr'>constituatur</span> <span class='ocrx_word' id='word_1_32' title='bbox 1527 1047 1623 1132; x_wconf 87' lang='lat' dir='ltr'>vitri</span> <span class='ocrx_word' id='word_1_33' title='bbox 1651 1045 1755 1138; x_wconf 83' lang='lat' dir='ltr'>linea</span> <span class='ocrx_word' id='word_1_34' title='bbox 1781 1049 1911 1133; x_wconf 85' lang='lat' dir='ltr'>tenuis</span> 
     </span>
     <span class='ocr_line' id='line_1_6' title="bbox 660 1157 1915 1282; baseline -0.006 -28"><span class='ocrx_word' id='word_1_35' title='bbox 660 1169 855 1282; x_wconf 78' lang='lat' dir='ltr'>quaepiam</span> <span class='ocrx_word' id='word_1_36' title='bbox 873 1219 885 1253; x_wconf 77' lang='lat'>‚</span> <span class='ocrx_word' id='word_1_37' title='bbox 906 1187 954 1250; x_wconf 91' lang='lat' dir='ltr'>ut</span> <span class='ocrx_word' id='word_1_38' title='bbox 968 1163 1229 1276; x_wconf 85' lang='lat' dir='ltr'>congruatad</span> <span class='ocrx_word' id='word_1_39' title='bbox 1242 1158 1497 1252; x_wconf 83' lang='lat' dir='ltr'>seniumcutn</span> <span class='ocrx_word' id='word_1_40' title='bbox 1509 1157 1732 1256; x_wconf 75' lang='lat' dir='ltr'>unitione,</span> <span class='ocrx_word' id='word_1_41' title='bbox 1759 1191 1851 1278; x_wconf 80' lang='lat' dir='ltr'>quae</span> <span class='ocrx_word' id='word_1_42' title='bbox 1865 1157 1915 1248; x_wconf 82' lang='lat' dir='ltr'>lit</span> 
     </span>
     <span class='ocr_line' id='line_1_7' title="bbox 658 1275 1913 1394; baseline 0 -28"><span class='ocrx_word' id='word_1_43' title='bbox 658 1286 703 1368; x_wconf 88' lang='lat' dir='ltr'>in</span> <span class='ocrx_word' id='word_1_44' title='bbox 717 1279 796 1370; x_wconf 88' lang='lat' dir='ltr'>fine</span> <span class='ocrx_word' id='word_1_45' title='bbox 811 1285 932 1394; x_wconf 86' lang='lat' dir='ltr'>primi</span> <span class='ocrx_word' id='word_1_46' title='bbox 959 1278 1187 1374; x_wconf 84' lang='lat' dir='ltr'>intervalli,</span> <span class='ocrx_word' id='word_1_47' title='bbox 1215 1281 1325 1392; x_wconf 89' lang='lat' dir='ltr'>quod</span> <span class='ocrx_word' id='word_1_48' title='bbox 1342 1275 1595 1368; x_wconf 81' lang='lat' dir='ltr'>intervallum</span> <span class='ocrx_word' id='word_1_49' title='bbox 1620 1280 1913 1380; x_wconf 81' lang='lat' dir='ltr'>conferendum</span> 
     </span>
     <span class='ocr_line' id='line_1_8' title="bbox 657 1395 1912 1514; baseline -0.005 -28"><span class='ocrx_word' id='word_1_50' title='bbox 657 1401 712 1489; x_wconf 84' lang='lat' dir='ltr'>est</span> <span class='ocrx_word' id='word_1_51' title='bbox 726 1429 819 1492; x_wconf 87' lang='lat' dir='ltr'>cum</span> <span class='ocrx_word' id='word_1_52' title='bbox 845 1399 1007 1514; x_wconf 87' lang='lat' dir='ltr'>reliquis</span> <span class='ocrx_word' id='word_1_53' title='bbox 1027 1397 1344 1512; x_wconf 81' lang='lat' dir='ltr'>posterioribus,</span> <span class='ocrx_word' id='word_1_54' title='bbox 1376 1401 1419 1482; x_wconf 76' lang='grc' dir='ltr'>δε</span> <span class='ocrx_word' id='word_1_55' title='bbox 1436 1419 1697 1485; x_wconf 87' lang='lat' dir='ltr'>convertatur</span> <span class='ocrx_word' id='word_1_56' title='bbox 1713 1395 1912 1494; x_wconf 77' lang='lat' dir='ltr'>cochlea,</span> 
     </span>
     <span class='ocr_line' id='line_1_9' title="bbox 657 1505 1913 1628; baseline -0.006 -24"><span class='ocrx_word' id='word_1_57' title='bbox 657 1515 789 1604; x_wconf 88' lang='lat' dir='ltr'>donec</span> <span class='ocrx_word' id='word_1_58' title='bbox 803 1516 853 1602; x_wconf 90' lang='lat' dir='ltr'>ad</span> <span class='ocrx_word' id='word_1_59' title='bbox 870 1517 1032 1604; x_wconf 87' lang='lat' dir='ltr'>eandem</span> <span class='ocrx_word' id='word_1_60' title='bbox 1054 1513 1200 1600; x_wconf 85' lang='lat' dir='ltr'>lineam</span> <span class='ocrx_word' id='word_1_61' title='bbox 1225 1511 1402 1626; x_wconf 83' lang='lat' dir='ltr'>appellat</span> <span class='ocrx_word' id='word_1_62' title='bbox 1429 1505 1599 1604; x_wconf 69' lang='lat' dir='ltr'>divisio,</span> <span class='ocrx_word' id='word_1_63' title='bbox 1631 1543 1720 1628; x_wconf 85' lang='lat' dir='ltr'>quae</span> <span class='ocrx_word' id='word_1_64' title='bbox 1744 1514 1913 1612; x_wconf 80' lang='lat' dir='ltr'>exbibet</span> 
     </span>
     <span class='ocr_line' id='line_1_10' title="bbox 655 1627 1912 1744; baseline -0.004 -26"><span class='ocrx_word' id='word_1_65' title='bbox 655 1635 821 1726; x_wconf 73' lang='lat' dir='ltr'>britium</span> <span class='ocrx_word' id='word_1_66' title='bbox 851 1629 1025 1740; x_wconf 87' lang='lat' dir='ltr'>ejusdem</span> <span class='ocrx_word' id='word_1_67' title='bbox 1059 1627 1284 1716; x_wconf 84' lang='lat' dir='ltr'>intervalli.</span> <span class='ocrx_word' id='word_1_68' title='bbox 1307 1629 1518 1722; x_wconf 83' lang='lat' dir='ltr'>constabit</span> <span class='ocrx_word' id='word_1_69' title='bbox 1548 1660 1599 1716; x_wconf 87' lang='lat' dir='ltr'>co</span> <span class='ocrx_word' id='word_1_70' title='bbox 1626 1627 1785 1744; x_wconf 80' lang='lat' dir='ltr'>pacto‚&#39;</span> <span class='ocrx_word' id='word_1_71' title='bbox 1808 1650 1912 1744; x_wconf 87' lang='lat' dir='ltr'>quot</span> 
     </span>
     <span class='ocr_line' id='line_1_11' title="bbox 654 1746 1912 1858; baseline -0.007 -20"><span class='ocrx_word' id='word_1_72' title='bbox 654 1747 928 1858; x_wconf 80' lang='lat' dir='ltr'>converfiones</span> <span class='ocrx_word' id='word_1_73' title='bbox 940 1753 1112 1858; x_wconf 84' lang='lat' dir='ltr'>integras</span> <span class='ocrx_word' id='word_1_74' title='bbox 1128 1802 1140 1835; x_wconf 81' lang='lat'>‚</span> <span class='ocrx_word' id='word_1_75' title='bbox 1156 1751 1200 1834; x_wconf 78' lang='grc' dir='ltr'>δι</span> <span class='ocrx_word' id='word_1_76' title='bbox 1214 1746 1481 1840; x_wconf 84' lang='lat' dir='ltr'>converfionis</span> <span class='ocrx_word' id='word_1_77' title='bbox 1495 1748 1713 1858; x_wconf 73' lang='lat' dir='ltr'>particrdas</span> <span class='ocrx_word' id='word_1_78' title='bbox 1727 1747 1770 1832; x_wconf 86' lang='lat' dir='ltr'>id</span> <span class='ocrx_word' id='word_1_79' title='bbox 1784 1751 1912 1834; x_wconf 85' lang='lat' dir='ltr'>inter-</span> 
     </span>
     <span class='ocr_line' id='line_1_12' title="bbox 561 1863 1914 1979; baseline -0.003 -29"><span class='ocrx_word' id='word_1_80' title='bbox 561 1907 564 1916; x_wconf 89' lang='grc'>·</span> <span class='ocrx_word' id='word_1_81' title='bbox 659 1864 811 1956; x_wconf 76' lang='lat' dir='ltr'>vallum</span> <span class='ocrx_word' id='word_1_82' title='bbox 835 1869 1071 1954; x_wconf 86' lang='lat' dir='ltr'>contineat.</span> <span class='ocrx_word' id='word_1_83' title='bbox 1102 1863 1393 1954; x_wconf 72' lang='lat' dir='ltr'>tumretneu</span> <span class='ocrx_word' id='word_1_84' title='bbox 1414 1863 1568 1958; x_wconf 64' lang='lat' dir='ltr'>lamina,</span> <span class='ocrx_word' id='word_1_85' title='bbox 1589 1865 1737 1962; x_wconf 79' lang='lat' dir='ltr'>mobili</span> <span class='ocrx_word' id='word_1_86' title='bbox 1749 1893 1825 1979; x_wconf 86' lang='lat' dir='ltr'>per</span> <span class='ocrx_word' id='word_1_87' title='bbox 1842 1890 1914 1950; x_wconf 87' lang='lat' dir='ltr'>co·</span> 
     </span>
     <span class='ocr_line' id='line_1_13' title="bbox 658 1979 1917 2096; baseline 0.005 -28"><span class='ocrx_word' id='word_1_88' title='bbox 658 1979 812 2068; x_wconf 85' lang='lat' dir='ltr'>chleam</span> <span class='ocrx_word' id='word_1_89' title='bbox 825 1983 867 2065; x_wconf 92' lang='lat' dir='ltr'>in</span> <span class='ocrx_word' id='word_1_90' title='bbox 882 1985 1057 2096; x_wconf 82' lang='lat' dir='ltr'>priorem</span> <span class='ocrx_word' id='word_1_91' title='bbox 1075 1979 1220 2071; x_wconf 82' lang='lat' dir='ltr'>statum</span> <span class='ocrx_word' id='word_1_92' title='bbox 1237 2002 1570 2092; x_wconf 50' lang='lat' dir='ltr'>svpromoveatur</span> <span class='ocrx_word' id='word_1_93' title='bbox 1585 1985 1735 2068; x_wconf 86' lang='lat' dir='ltr'>vitrum</span> <span class='ocrx_word' id='word_1_94' title='bbox 1753 1984 1838 2074; x_wconf 71' lang='lat' dir='ltr'>ita.</span> <span class='ocrx_word' id='word_1_95' title='bbox 1870 2001 1917 2074; x_wconf 89' lang='lat' dir='ltr'>ut</span> 
     </span>
     <span class='ocr_line' id='line_1_14' title="bbox 637 2091 1916 2212; baseline -0.007 -22"><span class='ocrx_word' id='word_1_96' title='bbox 637 2205 640 2212; x_wconf 21' lang='lat'><strong><em>¹</em></strong></span> <span class='ocrx_word' id='word_1_97' title='bbox 658 2103 795 2192; x_wconf 81' lang='lat' dir='ltr'>eadem</span> <span class='ocrx_word' id='word_1_98' title='bbox 809 2096 880 2186; x_wconf 86' lang='lat' dir='ltr'>illa</span> <span class='ocrx_word' id='word_1_99' title='bbox 894 2097 998 2185; x_wconf 87' lang='lat' dir='ltr'>linea</span> <span class='ocrx_word' id='word_1_100' title='bbox 1011 2091 1214 2210; x_wconf 80' lang='lat' dir='ltr'>congruat</span> <span class='ocrx_word' id='word_1_101' title='bbox 1228 2123 1321 2182; x_wconf 87' lang='lat' dir='ltr'>cum</span> <span class='ocrx_word' id='word_1_102' title='bbox 1337 2091 1414 2182; x_wconf 86' lang='lat' dir='ltr'>fine</span> <span class='ocrx_word' id='word_1_103' title='bbox 1428 2092 1590 2183; x_wconf 87' lang='lat' dir='ltr'>secundi</span> <span class='ocrx_word' id='word_1_104' title='bbox 1604 2097 1811 2186; x_wconf 90' lang='lat' dir='ltr'>intervalli</span> <span class='ocrx_word' id='word_1_105' title='bbox 1826 2153 1839 2188; x_wconf 61' lang='lat' dir='ltr'>s</span> <span class='ocrx_word' id='word_1_106' title='bbox 1872 2097 1916 2181; x_wconf 78' lang='grc' dir='ltr'>δι</span> 
     </span>
     <span class='ocr_line' id='line_1_15' title="bbox 414 2211 1917 2332; baseline 0.001 -28"><span class='ocrx_word' id='word_1_107' title='bbox 414 2283 422 2304; x_wconf 76' lang='grc'><strong>.</strong></span> <span class='ocrx_word' id='word_1_108' title='bbox 657 2230 853 2332; x_wconf 84' lang='lat' dir='ltr'>promota</span> <span class='ocrx_word' id='word_1_109' title='bbox 870 2213 1015 2302; x_wconf 85' lang='lat' dir='ltr'>lamina</span> <span class='ocrx_word' id='word_1_110' title='bbox 1027 2211 1169 2300; x_wconf 90' lang='lat' dir='ltr'>mobili</span> <span class='ocrx_word' id='word_1_111' title='bbox 1186 2267 1198 2302; x_wconf 72' lang='lat'><em>2</em></span> <span class='ocrx_word' id='word_1_112' title='bbox 1231 2236 1279 2294; x_wconf 90' lang='lat' dir='ltr'>ut</span> <span class='ocrx_word' id='word_1_113' title='bbox 1292 2215 1399 2324; x_wconf 87' lang='lat' dir='ltr'>prius</span> <span class='ocrx_word' id='word_1_114' title='bbox 1416 2272 1429 2307; x_wconf 87' lang='lat'><em>,</em></span> <span class='ocrx_word' id='word_1_115' title='bbox 1455 2215 1585 2300; x_wconf 88' lang='lat' dir='ltr'>donec</span> <span class='ocrx_word' id='word_1_116' title='bbox 1601 2217 1651 2302; x_wconf 85' lang='lat' dir='ltr'>ad</span> <span class='ocrx_word' id='word_1_117' title='bbox 1668 2213 1917 2306; x_wconf 76' lang='lat' dir='ltr'>camlincam</span> 
     </span>
     <span class='ocr_line' id='line_1_16' title="bbox 414 2326 1912 2446; baseline -0.002 -31"><span class='ocrx_word' id='word_1_118' title='bbox 414 2363 417 2370; x_wconf 94' lang='lat'>·</span> <span class='ocrx_word' id='word_1_119' title='bbox 527 2351 533 2356; x_wconf 85' lang='grc'><strong><em>·</em></strong></span> <span class='ocrx_word' id='word_1_120' title='bbox 657 2330 838 2446; x_wconf 86' lang='lat' dir='ltr'>appellat</span> <span class='ocrx_word' id='word_1_121' title='bbox 852 2329 1057 2420; x_wconf 88' lang='lat' dir='ltr'>intervalli</span> <span class='ocrx_word' id='word_1_122' title='bbox 1081 2326 1197 2442; x_wconf 84' lang='lat' dir='ltr'>iplius</span> <span class='ocrx_word' id='word_1_123' title='bbox 1220 2326 1342 2422; x_wconf 83' lang='lat' dir='ltr'>finis,</span> <span class='ocrx_word' id='word_1_124' title='bbox 1369 2329 1582 2418; x_wconf 74' lang='lat' dir='ltr'>habebitur</span> <span class='ocrx_word' id='word_1_125' title='bbox 1611 2329 1727 2418; x_wconf 86' lang='lat' dir='ltr'>valor</span> <span class='ocrx_word' id='word_1_126' title='bbox 1751 2329 1912 2424; x_wconf 83' lang='lat' dir='ltr'>secundi</span> 
     </span>
     <span class='ocr_line' id='line_1_17' title="bbox 420 2436 1913 2564; baseline 0.001 -36"><span class='ocrx_word' id='word_1_127' title='bbox 420 2436 425 2454; x_wconf 65' lang='grc'><strong>“</strong></span> <span class='ocrx_word' id='word_1_128' title='bbox 567 2489 601 2532; x_wconf 80' lang='grc'>;,</span> <span class='ocrx_word' id='word_1_129' title='bbox 659 2444 866 2537; x_wconf 86' lang='lat' dir='ltr'>intervalli</span> <span class='ocrx_word' id='word_1_130' title='bbox 880 2451 922 2534; x_wconf 86' lang='lat' dir='ltr'>in</span> <span class='ocrx_word' id='word_1_131' title='bbox 946 2448 1132 2562; x_wconf 87' lang='lat' dir='ltr'>partibus</span> <span class='ocrx_word' id='word_1_132' title='bbox 1154 2441 1356 2540; x_wconf 76' lang='lat' dir='ltr'>cocbleaes</span> <span class='ocrx_word' id='word_1_133' title='bbox 1384 2474 1429 2532; x_wconf 91' lang='lat' dir='ltr'>ac</span> <span class='ocrx_word' id='word_1_134' title='bbox 1448 2447 1592 2534; x_wconf 88' lang='lat' dir='ltr'>eodem</span> <span class='ocrx_word' id='word_1_135' title='bbox 1610 2447 1913 2564; x_wconf 76' lang='lat' dir='ltr'>pactosequen·</span> 
     </span>
     <span class='ocr_line' id='line_1_18' title="bbox 658 2561 1913 2680; baseline 0.001 -29"><span class='ocrx_word' id='word_1_136' title='bbox 658 2567 760 2652; x_wconf 90' lang='lat' dir='ltr'>tium</span> <span class='ocrx_word' id='word_1_137' title='bbox 779 2564 1084 2652; x_wconf 80' lang='lat' dir='ltr'>intervallorum</span> <span class='ocrx_word' id='word_1_138' title='bbox 1099 2561 1351 2654; x_wconf 84' lang='lat' dir='ltr'>habebuntur</span> <span class='ocrx_word' id='word_1_139' title='bbox 1370 2561 1523 2653; x_wconf 88' lang='lat' dir='ltr'>valores</span> <span class='ocrx_word' id='word_1_140' title='bbox 1537 2567 1579 2648; x_wconf 91' lang='lat' dir='ltr'>in</span> <span class='ocrx_word' id='word_1_141' title='bbox 1594 2570 1775 2679; x_wconf 86' lang='lat' dir='ltr'>partibus</span> <span class='ocrx_word' id='word_1_142' title='bbox 1793 2563 1883 2679; x_wconf 85' lang='lat' dir='ltr'>ipfis</span> <span class='ocrx_word' id='word_1_143' title='bbox 1897 2621 1913 2680; x_wconf 77' lang='grc' dir='ltr'>,Ι</span> 
     </span>
     <span class='ocr_line' id='line_1_19' title="bbox 660 2675 1913 2794; baseline 0 -28"><span class='ocrx_word' id='word_1_144' title='bbox 660 2684 706 2766; x_wconf 86' lang='lat' dir='ltr'>dc</span> <span class='ocrx_word' id='word_1_145' title='bbox 719 2675 825 2792; x_wconf 79' lang='lat' dir='ltr'>lique</span> <span class='ocrx_word' id='word_1_146' title='bbox 837 2681 894 2768; x_wconf 87' lang='lat' dir='ltr'>est</span> <span class='ocrx_word' id='word_1_147' title='bbox 910 2709 1051 2768; x_wconf 87' lang='lat' dir='ltr'>eorum</span> <span class='ocrx_word' id='word_1_148' title='bbox 1076 2676 1323 2790; x_wconf 75' lang='lat' dir='ltr'>inaequalitas</span> <span class='ocrx_word' id='word_1_149' title='bbox 1339 2739 1351 2772; x_wconf 85' lang='lat'>‚</span> <span class='ocrx_word' id='word_1_150' title='bbox 1368 2680 1701 2794; x_wconf 84' lang='lat' dir='ltr'>depraehendetur</span> <span class='ocrx_word' id='word_1_151' title='bbox 1717 2741 1730 2774; x_wconf 86' lang='lat'>‚</span> <span class='ocrx_word' id='word_1_152' title='bbox 1746 2713 1794 2768; x_wconf 88' lang='lat' dir='ltr'>ac</span> <span class='ocrx_word' id='word_1_153' title='bbox 1809 2710 1832 2766; x_wconf 90' lang='lat' dir='ltr'>e</span> <span class='ocrx_word' id='word_1_154' title='bbox 1846 2711 1913 2768; x_wconf 91' lang='lat' dir='ltr'>va·</span> 
     </span>
     <span class='ocr_line' id='line_1_20' title="bbox 658 2791 1914 2910; baseline 0.007 -32"><span class='ocrx_word' id='word_1_155' title='bbox 658 2793 794 2884; x_wconf 90' lang='lat' dir='ltr'>lorum</span> <span class='ocrx_word' id='word_1_156' title='bbox 819 2791 970 2886; x_wconf 88' lang='lat' dir='ltr'>summa</span> <span class='ocrx_word' id='word_1_157' title='bbox 999 2798 1127 2884; x_wconf 86' lang='lat' dir='ltr'>totius</span> <span class='ocrx_word' id='word_1_158' title='bbox 1147 2795 1260 2910; x_wconf 88' lang='lat' dir='ltr'>pedis</span> <span class='ocrx_word' id='word_1_159' title='bbox 1275 2795 1434 2892; x_wconf 79' lang='lat' dir='ltr'>ilvalor</span> <span class='ocrx_word' id='word_1_160' title='bbox 1466 2799 1745 2888; x_wconf 85' lang='lat' dir='ltr'>babebitutin</span> <span class='ocrx_word' id='word_1_161' title='bbox 1763 2802 1914 2888; x_wconf 85' lang='lat' dir='ltr'>micro·</span> 
     </span>
    </p>

    <p class='ocr_par' dir='ltr' id='par_1_2' title="bbox 660 2915 1554 3030">
     <span class='ocr_line' id='line_1_21' title="bbox 660 2915 1554 3030; baseline -0.012 -28"><span class='ocrx_word' id='word_1_162' title='bbox 660 2915 783 3002; x_wconf 83' lang='lat' dir='ltr'>metri</span> <span class='ocrx_word' id='word_1_163' title='bbox 802 2915 1034 3030; x_wconf 84' lang='lat' dir='ltr'>particulis.</span> <span class='ocrx_word' id='word_1_164' title='bbox 1550 2932 1554 2938; x_wconf 88' lang='lat'>·</span> 
     </span>
    </p>
   </div>
   <div class='ocr_carea' id='block_1_2' title="bbox 411 3023 1917 3278">
    <p class='ocr_par' dir='ltr' id='par_1_3' title="bbox 411 3023 1917 3278">
     <span class='ocr_line' id='line_1_22' title="bbox 412 3023 1917 3232; baseline 0.001 -109"><span class='ocrx_word' id='word_1_165' title='bbox 412 3066 671 3140; x_wconf 60' lang='lat' dir='ltr'>cauponum·</span> <span class='ocrx_word' id='word_1_166' title='bbox 721 3043 789 3118; x_wconf 84' lang='lat'>62.</span> <span class='ocrx_word' id='word_1_167' title='bbox 821 3033 971 3119; x_wconf 87' lang='lat' dir='ltr'>Eodem</span> <span class='ocrx_word' id='word_1_168' title='bbox 989 3036 1138 3146; x_wconf 75' lang='lat' dir='ltr'>padio,</span> <span class='ocrx_word' id='word_1_169' title='bbox 1164 3061 1248 3146; x_wconf 93' lang='lat' dir='ltr'>quo</span> <span class='ocrx_word' id='word_1_170' title='bbox 1274 3023 1423 3232; x_wconf 74' lang='lat' dir='ltr'>fingula</span> <span class='ocrx_word' id='word_1_171' title='bbox 1447 3034 1659 3125; x_wconf 89' lang='lat' dir='ltr'>intervalla</span> <span class='ocrx_word' id='word_1_172' title='bbox 1680 3061 1917 3152; x_wconf 83' lang='lat' dir='ltr'>comparata</span> 
     </span>
     <span class='ocr_line' id='line_1_23' title="bbox 411 3144 1915 3278; baseline -0.001 -39"><span class='ocrx_word' id='word_1_173' title='bbox 411 3144 645 3278; x_wconf 47' lang='lat' dir='ltr'>ssfflffi·</span> <span class='ocrx_word' id='word_1_174' title='bbox 664 3144 756 3234; x_wconf 87' lang='lat' dir='ltr'>sunt</span> <span class='ocrx_word' id='word_1_175' title='bbox 782 3147 978 3240; x_wconf 74' lang='lat' dir='ltr'>intense,</span> <span class='ocrx_word' id='word_1_176' title='bbox 1010 3147 1184 3260; x_wconf 79' lang='lat' dir='ltr'>poliunt.</span> <span class='ocrx_word' id='word_1_177' title='bbox 1201 3172 1313 3234; x_wconf 86' lang='lat' dir='ltr'>terna</span> <span class='ocrx_word' id='word_1_178' title='bbox 1344 3151 1468 3242; x_wconf 81' lang='lat' dir='ltr'>unul,</span> <span class='ocrx_word' id='word_1_179' title='bbox 1486 3155 1550 3242; x_wconf 86' lang='lat' dir='ltr'>vel</span> <span class='ocrx_word' id='word_1_180' title='bbox 1574 3159 1694 3244; x_wconf 82' lang='lat' dir='ltr'>etiam</span> <span class='ocrx_word' id='word_1_181' title='bbox 1719 3176 1915 3270; x_wconf 88' lang='lat' dir='ltr'>quaterna</span> 
     </span>
    </p>
   </div>
   <div class='ocr_carea' id='block_1_3' title="bbox 358 3262 1913 3498">
    <p class='ocr_par' dir='ltr' id='par_1_4' title="bbox 358 3262 1913 3498">
     <span class='ocr_line' id='line_1_24' title="bbox 358 3262 1913 3387; baseline 0.003 -33"><span class='ocrx_word' id='word_1_182' title='bbox 358 3346 362 3354; x_wconf 86' lang='grc'><em>,</em></span> <span class='ocrx_word' id='word_1_183' title='bbox 409 3301 547 3354; x_wconf 65' lang='lat' dir='ltr'>restionem</span> <span class='ocrx_word' id='word_1_184' title='bbox 576 3317 621 3374; x_wconf 81' lang='lat' dir='ltr'>prs</span> <span class='ocrx_word' id='word_1_185' title='bbox 661 3269 893 3375; x_wconf 69' lang='lat' dir='ltr'>Comparari</span> <span class='ocrx_word' id='word_1_186' title='bbox 908 3268 1014 3352; x_wconf 62' lang='lat' dir='ltr'>lsstbl&#39;</span> <span class='ocrx_word' id='word_1_187' title='bbox 1031 3262 1069 3350; x_wconf 74' lang='lat' dir='ltr'>se</span> <span class='ocrx_word' id='word_1_188' title='bbox 1081 3265 1319 3380; x_wconf 68' lang='lat' dir='ltr'>Ope-nostrae</span> <span class='ocrx_word' id='word_1_189' title='bbox 1331 3267 1505 3360; x_wconf 68' lang='lat' dir='ltr'>COChleae</span> <span class='ocrx_word' id='word_1_190' title='bbox 1520 3329 1530 3364; x_wconf 72' lang='lat' dir='ltr'>s</span> <span class='ocrx_word' id='word_1_191' title='bbox 1546 3301 1634 3385; x_wconf 79' lang='lat' dir='ltr'>quae</span> <span class='ocrx_word' id='word_1_192' title='bbox 1646 3274 1695 3360; x_wconf 70' lang='lat' dir='ltr'>ad</span> <span class='ocrx_word' id='word_1_193' title='bbox 1709 3273 1736 3387; x_wconf 56' lang='grc' dir='ltr'>ζ-</span> <span class='ocrx_word' id='word_1_194' title='bbox 1751 3269 1913 3387; x_wconf 74' lang='lat' dir='ltr'>polllcli</span> 
     </span>
     <span class='ocr_line' id='line_1_25' title="bbox 409 3376 1911 3498; baseline 0.003 -33"><span class='ocrx_word' id='word_1_195' title='bbox 409 3378 552 3444; x_wconf 50' lang='grc' dir='ltr'>ΝΜ</span> <span class='ocrx_word' id='word_1_196' title='bbox 595 3397 640 3436; x_wconf 79' lang='lat'>⁶⁰·</span> <span class='ocrx_word' id='word_1_197' title='bbox 661 3381 797 3496; x_wconf 85' lang='lat' dir='ltr'>potest</span> <span class='ocrx_word' id='word_1_198' title='bbox 810 3411 1043 3470; x_wconf 84' lang='lat' dir='ltr'>excurrere.</span> <span class='ocrx_word' id='word_1_199' title='bbox 1075 3376 1300 3496; x_wconf 78' lang='lat' dir='ltr'>Qvodsrea</span> <span class='ocrx_word' id='word_1_200' title='bbox 1315 3383 1479 3498; x_wconf 85' lang='lat' dir='ltr'>longior</span> <span class='ocrx_word' id='word_1_201' title='bbox 1498 3383 1573 3482; x_wconf 83' lang='lat' dir='ltr'>fit,</span> <span class='ocrx_word' id='word_1_202' title='bbox 1601 3414 1647 3476; x_wconf 89' lang='lat' dir='ltr'>ut</span> <span class='ocrx_word' id='word_1_203' title='bbox 1664 3389 1811 3478; x_wconf 86' lang='lat' dir='ltr'>lamina</span> <span class='ocrx_word' id='word_1_204' title='bbox 1823 3417 1911 3472; x_wconf 84' lang='lat' dir='ltr'>mo-</span> 
     </span>
    </p>
   </div>
   <div class='ocr_carea' id='block_1_4' title="bbox 409 3453 1910 3622">
    <p class='ocr_par' dir='ltr' id='par_1_5' title="bbox 409 3453 1910 3622">
     <span class='ocr_line' id='line_1_26' title="bbox 409 3453 1910 3622; baseline 0.003 -42"><span class='ocrx_word' id='word_1_205' title='bbox 409 3453 530 3509; x_wconf 54' lang='lat' dir='ltr'>‘hm&#39;</span> <span class='ocrx_word' id='word_1_206' title='bbox 663 3494 755 3588; x_wconf 87' lang='lat' dir='ltr'>bilis</span> <span class='ocrx_word' id='word_1_207' title='bbox 779 3497 900 3613; x_wconf 85' lang='lat' dir='ltr'>poffit</span> <span class='ocrx_word' id='word_1_208' title='bbox 926 3527 1162 3614; x_wconf 86' lang='lat' dir='ltr'>procurrere</span> <span class='ocrx_word' id='word_1_209' title='bbox 1180 3526 1253 3610; x_wconf 87' lang='lat' dir='ltr'>per</span> <span class='ocrx_word' id='word_1_210' title='bbox 1277 3499 1489 3588; x_wconf 90' lang='lat' dir='ltr'>dimidium</span> <span class='ocrx_word' id='word_1_211' title='bbox 1517 3507 1691 3618; x_wconf 85' lang='lat' dir='ltr'>pedem,</span> <span class='ocrx_word' id='word_1_212' title='bbox 1719 3525 1910 3622; x_wconf 87' lang='lat' dir='ltr'>poterunt</span> 
     </span>
    </p>
   </div>
   <div class='ocr_carea' id='block_1_5' title="bbox 401 3615 1970 4994">
    <p class='ocr_par' dir='ltr' id='par_1_6' title="bbox 588 3615 1918 4438">
     <span class='ocr_line' id='line_1_27' title="bbox 659 3615 1914 3737; baseline 0.002 -35"><span class='ocrx_word' id='word_1_213' title='bbox 659 3615 782 3702; x_wconf 88' lang='lat' dir='ltr'>ctiam</span> <span class='ocrx_word' id='word_1_214' title='bbox 821 3619 1049 3730; x_wconf 87' lang='lat' dir='ltr'>comparari</span> <span class='ocrx_word' id='word_1_215' title='bbox 1077 3615 1265 3726; x_wconf 86' lang='lat' dir='ltr'>ejusope</span> <span class='ocrx_word' id='word_1_216' title='bbox 1294 3618 1403 3729; x_wconf 88' lang='lat' dir='ltr'>prius</span> <span class='ocrx_word' id='word_1_217' title='bbox 1434 3623 1518 3706; x_wconf 92' lang='lat' dir='ltr'>bini</span> <span class='ocrx_word' id='word_1_218' title='bbox 1551 3621 1799 3737; x_wconf 74' lang='lat' dir='ltr'>semipedes,</span> <span class='ocrx_word' id='word_1_219' title='bbox 1823 3643 1914 3706; x_wconf 88' lang='lat' dir='ltr'>tum</span> 
     </span>
     <span class='ocr_line' id='line_1_28' title="bbox 657 3733 1915 3851; baseline 0.001 -33"><span class='ocrx_word' id='word_1_220' title='bbox 657 3737 842 3844; x_wconf 89' lang='lat' dir='ltr'>quaterni</span> <span class='ocrx_word' id='word_1_221' title='bbox 856 3733 1092 3848; x_wconf 89' lang='lat' dir='ltr'>quadrantes</span> <span class='ocrx_word' id='word_1_222' title='bbox 1108 3733 1222 3846; x_wconf 87' lang='lat' dir='ltr'>pedis</span> <span class='ocrx_word' id='word_1_223' title='bbox 1240 3754 1451 3822; x_wconf 86' lang='lat' dir='ltr'>ternorum</span> <span class='ocrx_word' id='word_1_224' title='bbox 1467 3735 1696 3850; x_wconf 81' lang='lat' dir='ltr'>pollicum,</span> <span class='ocrx_word' id='word_1_225' title='bbox 1716 3767 1805 3836; x_wconf 83' lang='lat' dir='ltr'>tum</span> <span class='ocrx_word' id='word_1_226' title='bbox 1825 3735 1915 3851; x_wconf 61' lang='lat' dir='ltr'>polv</span> 
     </span>
     <span class='ocr_line' id='line_1_29' title="bbox 655 3845 1908 3973; baseline 0.014 -44"><span class='ocrx_word' id='word_1_227' title='bbox 655 3845 931 3966; x_wconf 82' lang='lat' dir='ltr'>liceslrnguli‚</span> <span class='ocrx_word' id='word_1_228' title='bbox 964 3876 1051 3938; x_wconf 87' lang='lat' dir='ltr'>tum</span> <span class='ocrx_word' id='word_1_229' title='bbox 1077 3845 1372 3963; x_wconf 86' lang='lat' dir='ltr'>sernipollices‚</span> <span class='ocrx_word' id='word_1_230' title='bbox 1400 3852 1908 3973; x_wconf 76' lang='lat' dir='ltr'>tnmdemnmlemipollir</span> 
     </span>
     <span class='ocr_line' id='line_1_30' title="bbox 618 3967 1918 4084; baseline 0.014 -44"><span class='ocrx_word' id='word_1_231' title='bbox 618 4035 622 4040; x_wconf 89' lang='lat'>.</span> <span class='ocrx_word' id='word_1_232' title='bbox 654 3968 949 4059; x_wconf 68' lang='lat' dir='ltr'>enutrientes,</span> <span class='ocrx_word' id='word_1_233' title='bbox 976 3973 1021 4055; x_wconf 77' lang='lat' dir='ltr'>dc</span> <span class='ocrx_word' id='word_1_234' title='bbox 1050 3967 1215 4056; x_wconf 85' lang='lat' dir='ltr'>exadeo</span> <span class='ocrx_word' id='word_1_235' title='bbox 1243 3967 1464 4084; x_wconf 78' lang='lat' dir='ltr'>multiplici</span> <span class='ocrx_word' id='word_1_236' title='bbox 1492 3973 1744 4068; x_wconf 83' lang='lat' dir='ltr'>collatione,</span> <span class='ocrx_word' id='word_1_237' title='bbox 1777 4001 1918 4061; x_wconf 87' lang='lat' dir='ltr'>corre·</span> 
     </span>
     <span class='ocr_line' id='line_1_31' title="bbox 654 4082 1914 4198; baseline 0.006 -28"><span class='ocrx_word' id='word_1_238' title='bbox 654 4083 730 4170; x_wconf 77' lang='lat' dir='ltr'>etis</span> <span class='ocrx_word' id='word_1_239' title='bbox 748 4085 959 4174; x_wconf 86' lang='lat' dir='ltr'>errorculis</span> <span class='ocrx_word' id='word_1_240' title='bbox 982 4082 1222 4198; x_wconf 80' lang='lat' dir='ltr'>lingularum</span> <span class='ocrx_word' id='word_1_241' title='bbox 1246 4085 1575 4176; x_wconf 83' lang='lat' dir='ltr'>observationum</span> <span class='ocrx_word' id='word_1_242' title='bbox 1602 4090 1735 4186; x_wconf 87' lang='lat' dir='ltr'>multo</span> <span class='ocrx_word' id='word_1_243' title='bbox 1751 4119 1914 4182; x_wconf 80' lang='lat' dir='ltr'>actura·</span> 
     </span>
     <span class='ocr_line' id='line_1_32' title="bbox 588 4195 1911 4322; baseline 0.014 -41"><span class='ocrx_word' id='word_1_244' title='bbox 588 4209 592 4218; x_wconf 76' lang='grc'><em>’</em></span> <span class='ocrx_word' id='word_1_245' title='bbox 652 4201 734 4282; x_wconf 88' lang='lat' dir='ltr'>tius</span> <span class='ocrx_word' id='word_1_246' title='bbox 753 4201 774 4291; x_wconf 86' lang='grc'>’,</span> <span class='ocrx_word' id='word_1_247' title='bbox 804 4195 899 4288; x_wconf 85' lang='lat' dir='ltr'>satis</span> <span class='ocrx_word' id='word_1_248' title='bbox 929 4224 1044 4288; x_wconf 87' lang='lat' dir='ltr'>certo</span> <span class='ocrx_word' id='word_1_249' title='bbox 1073 4199 1264 4317; x_wconf 85' lang='lat' dir='ltr'>cognosci</span> <span class='ocrx_word' id='word_1_250' title='bbox 1303 4203 1423 4292; x_wconf 88' lang='lat' dir='ltr'>status</span> <span class='ocrx_word' id='word_1_251' title='bbox 1457 4206 1763 4297; x_wconf 85' lang='lat' dir='ltr'>intervallorum</span> <span class='ocrx_word' id='word_1_252' title='bbox 1794 4204 1911 4322; x_wconf 78' lang='lat' dir='ltr'>ipfius</span> 
     </span>
     <span class='ocr_line' id='line_1_33' title="bbox 652 4311 1913 4438; baseline 0.015 -40"><span class='ocrx_word' id='word_1_253' title='bbox 652 4311 807 4403; x_wconf 84' lang='lat' dir='ltr'>laminae</span> <span class='ocrx_word' id='word_1_254' title='bbox 820 4318 1010 4414; x_wconf 85' lang='lat' dir='ltr'>mobilis,</span> <span class='ocrx_word' id='word_1_255' title='bbox 1030 4323 1075 4408; x_wconf 75' lang='lat' dir='ltr'>dc</span> <span class='ocrx_word' id='word_1_256' title='bbox 1087 4316 1326 4436; x_wconf 83' lang='lat' dir='ltr'>lingularum</span> <span class='ocrx_word' id='word_1_257' title='bbox 1339 4321 1421 4427; x_wconf 87' lang='lat' dir='ltr'>ejus</span> <span class='ocrx_word' id='word_1_258' title='bbox 1436 4328 1615 4438; x_wconf 84' lang='lat' dir='ltr'>partium</span> <span class='ocrx_word' id='word_1_259' title='bbox 1632 4325 1746 4416; x_wconf 77' lang='lat' dir='ltr'>valor</span> <span class='ocrx_word' id='word_1_260' title='bbox 1761 4328 1805 4422; x_wconf 87' lang='lat' dir='ltr'>in</span> <span class='ocrx_word' id='word_1_261' title='bbox 1826 4353 1913 4437; x_wconf 79' lang='lat' dir='ltr'>pat·</span> 
     </span>
    </p>

    <p class='ocr_par' dir='ltr' id='par_1_7' title="bbox 401 4432 1970 4994">
     <span class='ocr_line' id='line_1_34' title="bbox 654 4432 1550 4553; baseline 0.017 -39"><span class='ocrx_word' id='word_1_262' title='bbox 654 4432 788 4520; x_wconf 88' lang='lat' dir='ltr'>ticulis</span> <span class='ocrx_word' id='word_1_263' title='bbox 814 4438 1099 4527; x_wconf 78' lang='lat' dir='ltr'>micrometri‚</span> <span class='ocrx_word' id='word_1_264' title='bbox 1128 4463 1175 4524; x_wconf 89' lang='lat' dir='ltr'>ut</span> <span class='ocrx_word' id='word_1_265' title='bbox 1188 4435 1355 4524; x_wconf 86' lang='lat' dir='ltr'>inferius</span> <span class='ocrx_word' id='word_1_266' title='bbox 1368 4443 1550 4553; x_wconf 87' lang='lat' dir='ltr'>patebit.</span> 
     </span>
     <span class='ocr_line' id='line_1_35' title="bbox 405 4555 1970 4676; baseline 0.004 -43"><span class='ocrx_word' id='word_1_267' title='bbox 405 4599 635 4672; x_wconf 50' lang='lat' dir='ltr'>mmm„</span> <span class='ocrx_word' id='word_1_268' title='bbox 712 4565 737 4636; x_wconf 91' lang='lat'><em>6</em></span> <span class='ocrx_word' id='word_1_269' title='bbox 744 4583 780 4662; x_wconf 81' lang='lat'>3.</span> <span class='ocrx_word' id='word_1_270' title='bbox 816 4555 1096 4668; x_wconf 73' lang='lat' dir='ltr'>sedquoniam</span> <span class='ocrx_word' id='word_1_271' title='bbox 1114 4585 1159 4640; x_wconf 86' lang='lat' dir='ltr'>ea</span> <span class='ocrx_word' id='word_1_272' title='bbox 1189 4555 1410 4667; x_wconf 88' lang='lat' dir='ltr'>longitudo</span> <span class='ocrx_word' id='word_1_273' title='bbox 1436 4557 1612 4645; x_wconf 88' lang='lat' dir='ltr'>cochleae</span> <span class='ocrx_word' id='word_1_274' title='bbox 1635 4562 1857 4676; x_wconf 86' lang='lat' dir='ltr'>impediret</span> <span class='ocrx_word' id='word_1_275' title='bbox 1872 4559 1911 4640; x_wconf 89' lang='lat' dir='ltr'>in</span> <span class='ocrx_word' id='word_1_276' title='bbox 1967 4577 1970 4586; x_wconf 83' lang='lat'><em>·</em></span> 
     </span>
     <span class='ocr_line' id='line_1_36' title="bbox 401 4663 1912 4812; baseline 0.001 -57"><span class='ocrx_word' id='word_1_277' title='bbox 401 4679 434 4812; x_wconf 53' lang='lat'><strong>¹³¹¹·</strong></span> <span class='ocrx_word' id='word_1_278' title='bbox 455 4681 544 4734; x_wconf 52' lang='grc' dir='ltr'>*σω</span> <span class='ocrx_word' id='word_1_279' title='bbox 564 4681 634 4736; x_wconf 69' lang='lat'>&#39;1‘10</span> <span class='ocrx_word' id='word_1_280' title='bbox 653 4663 719 4780; x_wconf 77' lang='lat' dir='ltr'>fig.</span> <span class='ocrx_word' id='word_1_281' title='bbox 745 4692 763 4776; x_wconf 81' lang='grc' dir='ltr'>ς</span> <span class='ocrx_word' id='word_1_282' title='bbox 782 4673 898 4764; x_wconf 84' lang='lat' dir='ltr'>binos</span> <span class='ocrx_word' id='word_1_283' title='bbox 913 4671 1006 4759; x_wconf 86' lang='lat' dir='ltr'>illos</span> <span class='ocrx_word' id='word_1_284' title='bbox 1027 4669 1126 4760; x_wconf 83' lang='lat' dir='ltr'>alios</span> <span class='ocrx_word' id='word_1_285' title='bbox 1144 4702 1263 4760; x_wconf 84' lang='lat' dir='ltr'>nexus</span> <span class='ocrx_word' id='word_1_286' title='bbox 1276 4675 1352 4764; x_wconf 76' lang='lat' dir='ltr'>M,</span> <span class='ocrx_word' id='word_1_287' title='bbox 1385 4676 1444 4762; x_wconf 81' lang='grc' dir='ltr'>Μ’</span> <span class='ocrx_word' id='word_1_288' title='bbox 1456 4673 1608 4763; x_wconf 83' lang='lat' dir='ltr'>lamlnae</span> <span class='ocrx_word' id='word_1_289' title='bbox 1625 4680 1790 4766; x_wconf 87' lang='lat' dir='ltr'>mobilis</span> <span class='ocrx_word' id='word_1_290' title='bbox 1817 4699 1912 4761; x_wconf 85' lang='lat' dir='ltr'>cum</span> 
     </span>
     <span class='ocr_line' id='line_1_37' title="bbox 424 4773 1913 4902; baseline 0.009 -36"><span class='ocrx_word' id='word_1_291' title='bbox 424 4773 503 4812; x_wconf 73' lang='lat'>“¹⁸¹</span> <span class='ocrx_word' id='word_1_292' title='bbox 653 4781 767 4881; x_wconf 80' lang='lat' dir='ltr'>fixis,</span> <span class='ocrx_word' id='word_1_293' title='bbox 797 4787 1263 4902; x_wconf 82' lang='lat' dir='ltr'>&amp;cunrregulaferr·ea‚</span> <span class='ocrx_word' id='word_1_294' title='bbox 1295 4793 1340 4876; x_wconf 72' lang='lat' dir='ltr'>br</span> <span class='ocrx_word' id='word_1_295' title='bbox 1368 4794 1560 4884; x_wconf 86' lang='lat' dir='ltr'>brevioris</span> <span class='ocrx_word' id='word_1_296' title='bbox 1578 4787 1913 4888; x_wconf 82' lang='lat' dir='ltr'>cochleatdiffici·</span> 
     </span>
     <span class='ocr_line' id='line_1_38' title="bbox 1833 4907 1913 4994; baseline -0.075 0"><span class='ocrx_word' id='word_1_297' title='bbox 1833 4907 1913 4994; x_wconf 87' lang='lat' dir='ltr'>lior</span> 
     </span>
    </p>
   </div>
   <div class='ocr_carea' id='block_1_6' title="bbox 0 0 2082 5752">
    <p class='ocr_par' dir='ltr' id='par_1_8' title="bbox 0 0 2082 5752">
     <span class='ocr_line' id='line_1_39' title="bbox 0 0 2082 5752; baseline 0 3"><span class='ocrx_word' id='word_1_298' title='bbox 0 0 2082 5752; x_wconf 95' lang='lat' dir='ltr'> </span> 
     </span>
    </p>
   </div>
  </div>
 </body>
</html>
