4256 5730
291 623 297 651 ,
558 552 590 636 P
649 555 690 637 R
716 553 770 634 ,Ι
831 555 876 639 Μ
935 555 974 638 U
1034 559 1105 641 M.
1420 585 1441 664 ς
1448 583 1475 675 3

216 663 495 760 delabebamur
528 722 540 755 ,
572 664 611 752 se
636 673 692 754 rei
724 675 823 757 bene
880 671 1032 756 erendae
1062 673 1259 786 praeberet
1285 676 1470 772 ortelio,

214 782 425 877 editissima
439 784 639 872 continuo
653 785 744 872 loca
757 703 1144 882 conffiendebamum
1175 813 1301 876 turres
1315 819 1402 878 cam
1436 826 1478 880 a·

215 907 343 992 uarias
370 900 600 1012 inprimis,
632 907 676 990 &
701 904 917 993 locorum,
947 905 1140 1018 quaeinde
1167 907 1292 990 videri
1321 823 1478 1023 possba

215 1020 462 1140 politionem
477 1011 776 1114 definiebamus‚
793 1021 858 1108 vel
876 1021 1107 1136 quadrantis
1122 1025 1290 1111 minoris
1306 1053 1401 1142 ope,
1416 1026 1480 1114 vel

213 1139 297 1226 alio
314 1137 666 1226 instrumentorum
681 1169 821 1256 genere
837 1145 1009 1226 tractatu
1025 1134 1251 1226 faciliorum
1268 1196 1279 1228 ,
1312 1145 1382 1228 ubi
1398 1172 1481 1230 me·

216 1255 369 1344 thodos
384 1250 549 1367 plnres,
580 1285 655 1365 pro
670 1258 772 1344 loeis
799 1253 1048 1371 potillimum
1078 1258 1396 1368 proximioribus
1411 1259 1482 1358 ad,-

217 1375 420 1459 hibuirnus
436 1396 529 1452 cum
546 1366 709 1464 frurstu,
740 1403 835 1490 quas
860 1395 1007 1485 quarto
1034 1367 1191 1456 fortaffe
1206 1369 1406 1486 opusculo
1427 1378 1485 1460 in·

215 1519 363 1574 uuam.
399 1489 447 1570 ln
465 1489 630 1576 urbibus
655 1516 814 1583 autem,
844 1511 963 1602 atque
991 1485 1255 1601 amplioribus
1286 1493 1481 1606 oppidis,

215 1605 326 1720 apud
341 1602 622 1716 Magistratus,
654 1609 701 1692 ad
727 1638 829 1722 quos
847 1605 1002 1692 litteras
1016 1601 1238 1695 Pontificid
1261 1610 1484 1696 auctorita·

218 1745 265 1810 te
292 1716 562 1832 conscriptas,
594 1748 641 1810 ut
657 1727 768 1810 &ad
781 1719 1029 1838 Episcopus,
1060 1721 1328 1815 habebamus,
1361 1751 1483 1810 excu-

223 1839 418 1924 tiebamus
443 1836 656 1952 diligenter
681 1839 878 1953 quidquid
894 1865 1130 1950 mapparum
1159 1833 1254 1926 esset
1274 1895 1286 1929 ,
1318 1837 1382 1926 rel
1399 1844 1483 1946 ejus

100 2052 108 2070 ἱ
215 1954 372 2069 generis
392 1979 771 2046 monumentorum,
801 1953 914 2070 quod
928 1952 976 2035 ad
991 1949 1262 2040 finitimorum
1280 1955 1482 2046 locorum.

215 2075 263 2157 δι
280 2067 498 2156 fluviorum
527 2074 569 2154 in
594 2076 733 2186 primis
749 2071 991 2186 politionem
1005 2073 1257 2183 pertineretr
1282 2097 1370 2186 quae
1394 2074 1485 2188 qui-

215 2189 312 2274 dem
337 2192 474 2304 paucis
503 2187 724 2276 admodum
739 2192 779 2271 in
797 2185 898 2272 locis
924 2187 1051 2273 totius
1066 2189 1292 2274 Pontificiae
1314 2188 1485 2272 ditionis

215 2304 320 2394 satis
343 2325 528 2394 accurate
543 2301 711 2396 definita
739 2306 987 2396 invenimus,
1020 2299 1100 2392 fere
1121 2305 1269 2420 ubique
1294 2307 1485 2398 nimirum

217 2422 428 2539 neglesta'.

284 2569 373 2629 101.
434 2542 543 2631 Illud
555 2567 689 2638 autem
704 2549 768 2635 hlc
784 2574 1031 2664 nequaqnam
1042 2569 1267 2641 omittam,
1293 2575 1379 2632 non
1435 2577 1484 2634 u·
1513 2577 1728 2642 ostensum„

215 2661 338 2750 sticos
354 2665 670 2761 tantummodo,
701 2669 746 2753 dc
761 2663 1030 2754 monticoles,
1059 2663 1126 2751 sed
1140 2669 1185 2750 dc
1199 2663 1393 2750 cultiores
1409 2661 1483 2750 ho·
1500 2659 1683 2794 {fflsl‘ss‘ffl
1711 2683 1728 2718 ²

215 2781 344 2865 mines
359 2777 576 2892 aliquando
600 2785 796 2897 inpagis,
827 2783 1005 2894 quamvis
1019 2779 1063 2863 id
1078 2782 1242 2896 quidem
1267 2775 1483 2871 admodum
1501 2755 1733 2872 ,fiiai‘ii'ili

213 2925 313 2980 raro
328 2899 443 2982 nobis
456 2896 634 2989 accidit,
652 2899 750 2983 licet
764 2893 1001 2984 Pontificias
1014 2898 1200 2983 viderent
1214 2894 1397 2988 litteras,
1416 2925 1486 2981 no·
1501 2895 1540 2950 ⁰³⁸
1555 2895 1647 2968 Μ’·
1717 2975 1721 2984 ,

215 3011 308 3096 stris
338 3009 686 3102 observationibus
712 3011 934 3100 obstitifl'e.
965 3011 1030 3097 Est
1057 3039 1186 3124 prope
1201 3008 1485 3098 Vulsiniensem

215 3127 363 3212 lacum
391 3130 567 3211 nunc'di
596 3129 776 3236 Bolsene,
801 3128 1014 3236 exiguusS.
1031 3127 1236 3240 Laurentii
1260 3155 1383 3242 pagus
1408 3132 1482 3213 iu,

217 3241 310 3352 ipsa
336 3244 522 3328 Romana
556 3244 660 3334 via,
701 3242 770 3327 ubi
795 3241 923 3326 etiam
954 3269 1078 3354 equos
1101 3241 1273 3327 rbedasii
1298 3265 1481 3350 mutant.

213 3367 328 3448 Cum
358 3387 412 3442 eo·
436 3355 714 3444 transeundum
741 3354 862 3448 ellet,
893 3357 989 3442 &a
1015 3356 1222 3444 sacerdote
1234 3361 1330 3472 Pagi
1356 3357 1486 3446 sacro·

211 3505 309 3562 rum
337 3470 532 3560 Praefecto
564 3471 897 3589 exposceremus,
927 3493 975 3558 ut
1002 3477 1297 3589 campanariam
1311 3479 1485 3589 aperiret

213 3592 385 3678 Turrim
415 3588 713 3679 observationes
748 3590 987 3676 instituturis
1017 3643 1030 3680 ,
1057 3591 1129 3676 diu
1159 3591 1393 3678 obluctatus
1425 3594 1486 3676 ita

216 3708 409 3800 obstitit,
433 3727 483 3792 ut
514 3712 584 3794 vix
611 3710 772 3794 demum
805 3705 954 3791 litteris
968 3701 1195 3794 Pontificiis
1221 3705 1407 3800 ollenlis,
1439 3709 1486 3795 dc

221 3828 338 3912 minis
351 3819 476 3911 etiam
487 3822 670 3914 incussis,
704 3823 885 3910 cefferit.
918 3824 1163 3938 Accepimus
1176 3821 1319 3938 paullo
1363 3823 1423 3912 ost
1435 3826 1487 3909 ab

220 3942 366 4030 incolis
391 3936 616 4057 persuasum
625 3939 724 4032 illi,
750 3941 878 4028 latere
894 3941 936 4022 in
962 3967 1008 4024 ea
1023 3939 1109 4055 ipsa
1120 3938 1242 4026 Turri
1259 3853 1487 4027 theburum

221 4057 324 4146 olim
355 4061 535 4148 abditum
565 4116 578 4151 ,
609 4089 729 4175 quern
760 4060 935 4145 viatores
964 4054 1144 4144 nonnulli
1174 4057 1488 4172 praecedentibus

221 4175 360 4263 diebus
388 4175 649 4290 quaefierant.
684 4175 799 4262 Alius
830 4172 968 4268 alibi,
1000 4203 1235 4288 quamquam
1261 4171 1488 4259 incredibili

225 4319 316 4378 cum
336 4293 532 4380 modestia
559 4295 821 4389 accedentes,
850 4288 985 4380 multo
1009 4293 1150 4376 durior
1167 4315 1285 4403 atque
1311 4285 1487 4402 asperior

228 4413 413 4498 acerrime
439 4411 592 4522 repulit
620 4416 796 4504 iterum,
828 4429 951 4526 atque
977 4411 1148 4496 iterum,
1177 4409 1268 4520 post
1292 4403 1487 4520 inlpedlas

226 4528 352 4612 etiam
368 4525 600 4614 Pontificias
618 4529 775 4616 litteras
793 4587 805 4620 ,
838 4555 911 4616 nec
924 4524 1083 4642 profuit
1109 4525 1327 4639 quidquam
1343 4545 1487 4605 conte-

228 4645 353 4732 statio
367 4644 511 4730 nobilis
524 4649 657 4747 amici,
672 4649 741 4760 qui
756 4651 901 4734 Romae
911 4673 976 4733 me
991 4667 1177 4730 noverat,
1193 4645 1238 4724 dc
1252 4640 1308 4723 ibi
1325 4661 1425 4724 tum,
1439 4654 1487 4720 ut

222 4758 331 4878 apud
346 4757 477 4878 ipsum
491 4763 803 4856 diverteremus,
829 4765 879 4900 ad
893 4761 993 4852 aedes
1007 4757 1094 4848 lane
1108 4785 1188 4868 pro
1202 4752 1298 4840 loco
1313 4745 1492 4866 magnili·
1536 4797 1550 4806 -

628 4887 638 4904 '
1425 4895 1490 4956 cas
