4178 5748
528 541 1083 631 PRIMUM.
1393 561 1448 654 97

168 689 258 752 nem
282 653 435 756 ibidem
465 659 683 751 iniremus,
716 660 819 746 haud
849 655 944 748 levit
961 681 1216 750 terraemotus
1246 670 1446 755 contullit

164 783 321 874 solum,
351 803 438 890 quo
465 773 637 863 aedificia
659 782 1037 864 etiamcorruerunr
1057 779 1250 866 nonnulla
1282 786 1323 868 in
1343 784 1445 870 locis

163 900 347 992 elmonti
375 896 607 1014 proximis,
638 923 760 1010 quem
774 900 980 982 Neronem
1000 895 1206 1012 appellant
1229 967 1235 984 .
1272 901 1348 986 Sed
1368 931 1442 986 nor

163 1013 512 1110 observationibus
548 1035 640 1100 tota
668 1016 790 1099 animi
817 1015 1082 1104 contentione
1111 1021 1304 1134 occupati
1339 1017 1443 1104 nihil

218 1132 445 1222 rsenfimus.

165 1168 316 1352 pern.
378 1245 643 1338 Grantrolam
672 1244 855 1362 regresli,
885 1247 1095 1335 &triduo
1121 1249 1689 1371 apudhumanisqmpmm„

166 1370 307 1457 fimum
334 1365 536 1480 hospitem
553 1368 825 1454 commorati,
856 1393 942 1482 quo
974 1363 1108 1482 plures
1126 1368 1442 1482 quaqueversum
1459 1381 1620 1512 amureg.
1635 1384 1690 1431 u..

166 1481 414 1576 excursiones
446 1479 536 1568 sunt
573 1479 689 1570 facte
720 1480 770 1567 ad
801 1482 1180 1587 circumjacentium
1219 1485 1440 1576 locorum,
1459 1464 1637 1612 ζᾍζᾚᾷ

167 1633 358 1720 mappam
385 1597 694 1714 corrigendam,
732 1625 779 1682 ac
806 1603 961 1709 majore
985 1600 1205 1710 quadrante
1234 1600 1276 1683 in
1307 1601 1443 1694 locum

168 1723 542 1831 monciGerpegnae
570 1719 803 1830 proximum
830 1710 1077 1808 transmisso,
1105 1745 1178 1802 nos
1205 1747 1277 1833 per
1297 1722 1334 1805 8,
1352 1726 1441 1812 Ma.

166 1841 252 1926 rini
281 1834 508 1950 oppidum,
538 1833 608 1919 ubi
628 1857 715 1919 tun
742 1835 917 1918 maxime
945 1828 1045 1916 sudo
1061 1831 1165 1917 caelo
1187 1831 1441 1922 observatio-

167 1983 263 2040 nem
274 1955 359 2059 jam
377 1954 501 2036 tertio
514 1950 725 2034 habuimus
748 1947 798 2034 ad
811 1951 1285 2064 mappaecorrediioncm
1299 1952 1441 2036 admo·

166 2074 266 2157 dum
280 2064 516 2182 copiosam,
533 2069 708 2150 Pennam
722 2064 939 2151 adivimus.
968 2069 1440 2152 Conveneramuteutem

7 2247 8 2250 κ
163 2187 274 2273 haud
299 2181 443 2298 procul
461 2187 514 2267 ab
528 2177 619 2295 ipso
631 2185 666 2266 S.
683 2183 831 2267 Matini
850 2180 1008 2296 oppido
1023 2181 1291 2268 Sebastianum
1311 2186 1442 2271 Bona·

164 2305 302 2410 jutum
334 2300 534 2400 Feretrani
562 2297 715 2384 montis
745 2293 1016 2410 Episcopum,
1044 2327 1066 2382 a
1181 2327 1301 2415 quem
1325 2296 1441 2414 supe·

163 2423 278 2504 riorc
293 2443 396 2501 anno
412 2417 453 2497 in
471 2406 555 2528 ipsa
573 2418 711 2498 Penoer
728 2417 828 2498 urbe
841 2407 1042 2524 hospitati
1101 2441 1278 2499 eramus.
1310 2417 1347 2499 Is
1366 2444 1445 2530 pro

162 2529 399 2620 incredibili
425 2528 783 2623 solemnitate,
809 2556 948 2615 curam
973 2522 1070 2612 inse
1095 2523 1444 2644 suscepit&qua·

96 2735 99 2740 Α
164 2651 321 2738 citantis
340 2653 382 2732 in
397 2643 590 2733 summum
604 2651 828 2762 carpegnae
852 2665 1036 2732 montem
1060 2645 1288 2740 cetheum,
1319 2650 1363 2732 δι
1377 2677 1446 2760 pa·

164 2763 471 2879 randihospitii
486 2764 535 2850 ad
549 2763 667 2879 ipsius
684 2765 835 2852 montis
849 2759 1030 2854 radicet,
1055 2763 1127 2847 ubi
1142 2761 1192 2846 ad
1206 2761 1443 2850 condidam

163 2887 277 2976 diem
292 2877 376 2994 ipse
405 2878 537 2965 adsuit
553 2876 745 2994 praesens,
772 2907 819 2966 ac
832 2881 894 2968 bis
910 2899 1096 2964 montem
1112 2875 1325 2972 nobiscum
1343 2906 1444 2965 con·
1486 2927 1495 2950 ·

160 2997 324 3088 scendit
342 3051 353 3084 ,
387 2999 431 3083 &
448 2993 797 3082 observationibus
811 2986 1006 3096 interfuit
1023 2994 1211 3078 omnibus
1232 3053 1244 3086 ,
1276 3018 1365 3080 tum
1382 2998 1443 3078 in-

159 3121 217 3204 de
232 3096 478 3198 maceratam
502 3108 579 3192 suae
608 3101 779 3192 diocese
804 3101 1058 3220 oppidumin
1072 3101 1162 3220 ipsis
1179 3103 1324 3196 finibus
1342 3137 1443 3194 con-

156 3235 357 3320 stitutum
382 3233 397 3326 (
411 3225 469 3312 est
494 3245 630 3316 eutem
658 3218 786 3306 altera
808 3221 891 3326 ejus
918 3217 1091 3308 nominis
1114 3225 1205 3310 urbs
1236 3227 1276 3309 in
1292 3229 1442 3314 Piceno

155 3343 369 3434 norillima
393 3359 411 3450 )
439 3338 612 3428 deduxit
634 3393 650 3430 ι
684 3365 734 3425 ex
761 3333 905 3453 quibua
930 3338 1118 3426 omnibus
1146 3341 1442 3432 benevolentiae

158 3453 552 3666 fisgnisicationibue,
578 3450 871 3547 acbcneficiis‚
897 3477 1094 3569 quantum
1111 3455 1439 3574 monebamus,

188 3577 461 3666 atisconliat.

226 3709 318 3793 178.
381 3695 492 3780 Dum
519 3713 654 3780 autem
678 3692 830 3778 interea
859 3717 909 3780 ex
939 3688 1101 3804 oppido
1116 3695 1153 3777 S.
1175 3693 1322 3780 Marini
1341 3697 1483 3808 Pen-m
1504 3749 1634 3808 nm„
1671 3783 1685 3804 ,

164 3841 258 3900 nam
272 3831 526 3924 peteremus,
553 3808 791 3897 divertimur
803 3804 1048 3921 Leopolim,
1078 3809 1139 3896 ita
1164 3811 1273 3896 enim
1306 3809 1439 3926 plures
1450 3771 1605 3888 ndum
1617 3771 1683 3907 pi}-

163 3931 377 4018 nominent
405 3925 608 4044 oppidum
636 3923 761 4039 vulgo
786 3930 825 4013 S.
841 3930 914 4013 Leo
946 3981 957 4014 ‚
986 3926 1055 4010 ubi
1083 3927 1128 4014 δι
1144 3930 1437 4016 Urbinatium.»
1448 3912 1683 4050 ffi¹²f¹³¹b¹²⁰‘

166 4045 272 4131 olim
286 4047 447 4132 Ducum
465 4101 485 4152 ,Ι
502 4071 608 4130 nunc
621 4047 900 4134 Romanorum
915 4037 1162 4130 Pontificum
1192 4041 1333 4133 vifitur
1362 4075 1437 4136 arx

164 4160 241 4248 sito
255 4160 413 4278 inignit
437 4163 478 4244 io
493 4159 676 4248 altissime
692 4189 817 4274 rupe.
847 4161 894 4247 Id
911 4159 1111 4272 oppidum
1135 4189 1226 4248 cum
1238 4169 1374 4250 Penne
1386 4161 1437 4254 dt

195 4283 341 4365 rimato
368 4338 383 4372 ‚
411 4275 696 4394 &Episcopeli
722 4273 811 4363 sede
837 4274 990 4385 jamdiu
1015 4273 1195 4392 disputat
1219 4335 1231 4370 ,
1257 4279 1324 4368 sed
1350 4283 1435 4389 jarn

163 4307 405 4484 ierePennee
434 4394 599 4482 residere
628 4387 987 4510 solent'Episcopi.
1020 4396 1083 4482 lbi
1111 4419 1245 4484 autem
1261 4396 1363 4486 illud
1383 4400 1435 4488 ab.

1655 1536 1691 1608 pt.

161 4515 285 4600 Arcir
299 4511 492 4602 Profecto
504 4509 780 4600 humanislimo
801 4514 894 4599 viro
913 4541 935 4596 e
954 4511 1083 4602 nobili
1099 4519 1432 4631 Semproniorum

160 4631 423 4720 Urbinarium
439 4656 557 4748 gente
575 4688 586 4722 ‚
620 4632 726 4743 apud
744 4658 863 4742 quem
877 4635 921 4720 dt
937 4626 1045 4718 leuce
1061 4633 1284 4721 admodum
1299 4623 1434 4742 pransa
1506 4735 1509 4742 ἢ

157 4747 318 4844 sumus,
348 4754 515 4868 dignum
542 4751 932 4838 commemoratione
954 4753 1204 4864 accepimus:
1233 4743 1309 4834 elle
1327 4743 1433 4832 haud

154 4866 215 4957 ita
228 4869 380 4991 procul
398 4875 449 4961 ab
463 4899 554 4960 arce
569 4865 654 4984 ipsa
667 4871 707 4958 in
737 4865 878 4957 numdi
876 4859 1062 5070 1gestem
1075 4863 1337 4957 Rusticorum
1353 4861 1432 4955 do·

1330 5011 1438 5075 mun·
