4156 5752
676 591 756 669 wa
1006 561 1608 652 OPUSCULUM.

669 667 710 772 in
725 687 914 790 hisquam
930 680 971 762 in
998 683 1107 769 istis,
1140 703 1185 766 ut
1200 675 1392 794 quaeloca
1405 677 1474 766 srbi
1489 671 1650 791 prorsus
1665 671 1855 792 opposta
1865 675 1927 764 esa

669 803 781 894 sent,
807 824 853 883 ea
865 797 906 878 in
923 801 1072 911 Figuris
1086 799 1136 886 ad
1152 827 1224 884 nos
1250 792 1472 882 transmiffis
1500 800 1565 884 vix
1590 821 1774 910 quartam
1804 799 1930 883 Hori·

669 923 805 1009 zontis
820 937 978 1027 partem
993 939 1268 1031 occuparent.
1297 913 1412 1000 Nihil
1429 917 1556 1027 igitur
1571 911 1739 1001 omnino
1751 915 1864 1026 quod
1877 914 1931 999 ad

668 1033 924 1151 Angulorum
950 1037 1272 1150 magnitudinem
1302 1033 1521 1124 attineret,
1547 1058 1598 1116 ex
1611 1028 1840 1141 hujusmodi
1854 1036 1934 1120 ob·

661 1153 958 1244 -servationibus
972 1151 1157 1268 depromi
1172 1171 1357 1264 poterat.
1374 1156 1448 1236 Par
1462 1150 1518 1234 est
1532 1151 1638 1236 ratio
1652 1153 1819 1234 aliarum
1832 1179 1932 1263 qua·

666 1271 833 1359 rendam
853 1326 863 1358 ‚
894 1272 934 1352 in
948 1273 1092 1382 quibus
1105 1265 1176 1354 etli
1191 1272 1341 1381 pundla
1357 1269 1596 1352 Horizontis
1609 1266 1836 1352 cardinalia
1857 1267 1931 1352 de·

666 1387 816 1505 scripta
847 1382 1002 1479 essent,
1036 1385 1187 1471 &loca
1201 1387 1306 1470 inter
1325 1385 1408 1470 haec
1422 1385 1632 1487 interjeeta
1649 1381 1812 1470 fortasse
1847 1412 1932 1470 non

666 1509 804 1620 inepte
832 1500 1067 1594 collocata,
1097 1525 1210 1590 tanta
1238 1524 1371 1586 tamen
1398 1525 1486 1587 erat
1513 1498 1699 1588 locorum
1730 1499 1929 1586 illorum„

667 1619 908 1736 magnitudo
925 1678 935 1708 ,
969 1651 1013 1707 ut
1029 1621 1140 1736 quod
1154 1649 1294 1706 eorum
1310 1624 1506 1732 punctum
1532 1621 1771 1730 capiendum
1799 1616 1900 1702 esset
1917 1676 1931 1708 r

668 1737 777 1828 nulla
790 1739 950 1826 ratione
961 1739 1106 1851 colligi
1117 1735 1273 1850 posset.
1302 1735 1460 1820 Etenim
1475 1736 1672 1819 viciniora
1687 1763 1851 1850 quaeque
1866 1738 1929 1822 ita

667 1880 811 1944 centro
825 1853 1169 1947 admovebantur,
1197 1853 1347 1966 idque,
1377 1875 1424 1938 ut
1450 1856 1628 1966 opinor,
1655 1850 1928 1954 noserudien-

666 1975 707 2060 di
723 1974 878 2088 gratia,
908 1997 955 2057 ut
968 2002 1111 2058 eorum
1125 1975 1260 2084 imago
1275 1965 1652 2081 in'solio'descripta
1662 1970 1808 2082 gradus
1829 1969 1929 2054 saci-

649 2090 702 2177 ¹le
717 2089 921 2204 sexaginta
936 2102 1004 2172 aut
1024 2091 1147 2174 etiam
1181 2085 1268 2201 plus
1295 2084 1505 2200 aliquanto
1530 2109 1774 2199 occuparet.
1803 2089 1928 2171 Adeo

661 2237 834 2323 pronum
873 2207 955 2296 eli,
987 2209 1056 2292 ubi
1084 2213 1233 2294 rectam
1262 2205 1319 2288 rei
1350 2203 1606 2318 perficiendae
1632 2204 1760 2289 ideam
1788 2207 1927 2287 animo

663 2319 986 2433 comprehensam
1000 2349 1082 2410 non
1095 2323 1311 2410 habemus,
1338 2350 1426 2434 quae
1438 2323 1554 2434 operi
1570 2315 1758 2436 suscepto
1771 2343 1925 2405 nocent

661 2445 834 2556 martimo
854 2497 865 2532 ,
899 2471 945 2527 ea
961 2471 1040 2555 pro
1054 2439 1307 2556 compendiis
1319 2437 1469 2536 offerre
1489 2504 1498 2523 .

447 2592 671 2664 aequatam
722 2590 762 2657 7.
795 2564 893 2646 Non
907 2557 1122 2644 delirerunt
1137 2581 1270 2672 tamen
1290 2561 1360 2670 qui
1379 2560 1579 2672 petitione
1605 2558 1738 2644 nostra
1762 2560 1923 2673 optime

412 2665 645 2744 ¹³P²¹¹‘¹⁵‘⁸s¹b¹¹⁸·
660 2674 882 2768 intellecta,
903 2671 1252 2764 observationem,
1267 2705 1355 2790 quat
1371 2676 1825 2793 postulabatunegregie
1838 2705 1924 2791 per·

658 2793 851 2883 licerent,
880 2794 1024 2907 quibus
1056 2795 1242 2880 omnibus
1269 2795 1413 2906 gratias
1443 2790 1650 2878 referimus
1677 2789 1920 2908 srngulares.

656 2941 895 3026 quamquam
909 2914 958 2996 ab
974 2914 1020 2996 iis
1035 2912 1276 3001 nominatim
1290 2908 1582 3022 compellendis
1604 2909 1826 2996 necessario
1854 2916 1924 2998 ab·

655 3031 879 3118 stinendum
890 3031 1005 3114 nobis
1018 3027 1090 3120 stt,
1115 3059 1165 3114 ne
1184 3027 1373 3117 videlicet
1388 3028 1501 3120 aliis,
1528 3032 1598 3142 qui
1615 3057 1705 3116 curn
1720 3033 1807 3140 pari
1822 3061 1923 3144 erga

641 3175 729 3233 ¹nos
756 3146 968 3232 voluntate
993 3150 1122 3234 minus
1150 3144 1308 3232 felicem
1333 3144 1551 3236 successum
1594 3149 1920 3252 conjunxerunt,

654 3263 840 3367 injuriam
853 3260 986 3350 secisse
999 3265 1231 3352 videamur.
1258 3267 1362 3354 Fieri
1379 3288 1512 3352 tamen
1529 3265 1633 3351 haud
1646 3286 1812 3378 poterat
1831 3326 1843 3360 ,
1875 3288 1920 3352 ut

653 3377 881 3485 hujusmodi
909 3380 1256 3469 obseruationibus
1278 3413 1389 3497 reque
1414 3383 1720 3490 adjuvaremur,
1747 3409 1794 3466 ac
1822 3413 1918 3498 pro·

653 3499 749 3612 priis
764 3554 774 3600 2
791 3497 911 3611 idque
924 3524 1005 3582 non
1022 3495 1150 3584 solum
1166 3555 1176 3587 ‚
1192 3502 1303 3614 quod
1322 3505 1426 3585 inter
1439 3501 1715 3623 Quadrantem
1729 3504 1920 3615 Diopttis

649 3611 920 3730 Telescopicis
932 3615 1184 3712 instructum,
1198 3621 1242 3703 dt
1258 3614 1478 3732 fimplicem
1493 3620 1677 3734 regulam
1691 3618 1918 3734 plurimum

649 3731 886 3825 interesset,
905 3739 1206 3826 verumetiam,
1238 3738 1349 3850 quod
1364 3766 1446 3822 nun
1471 3731 1626 3854 semper
1640 3739 1733 3822 loca
1746 3739 1919 3826 maxime

649 3874 888 3962 opportuna
900 3851 1077 3968 deligere
1094 3851 1262 3944 liceret,
1280 3854 1471 3968 quodque
1484 3885 1576 3940 cum
1594 3855 1702 3941 haud
1718 3855 1812 3942 satis
1828 3884 1919 3971 per·

649 3965 831 4082 spectum
844 3969 988 4055 habere
1009 3970 1200 4083 possent,
1227 4001 1315 4084 quse
1329 3969 1630 4059 observationes
1647 4004 1669 4057 a
1684 3976 1804 4060 nobis
1821 4003 1916 4087 ptae·

649 4090 768 4198 cipue
793 4083 1131 4179 desrderarentur‚
1162 4091 1306 4174 multas
1327 4085 1658 4204 supervacaneas,
1688 4091 1840 4178 omissas
1853 4119 1916 4173 ne·

647 4199 847 4292 cesserim,
873 4231 1164 4318 congererent.
1194 4209 1250 4292 Ex
1263 4235 1346 4321 quo
1372 4204 1521 4298 fiebat,
1554 4233 1601 4294 ut
1616 4206 1917 4296 observationes

646 4319 794 4408 habitae
808 4350 889 4406 non
902 4317 981 4407 sane
997 4355 1139 4438 magna
1155 4326 1351 4439 temporis
1364 4322 1520 4432 jadturi
1534 4323 1674 4443 saepius
1688 4328 1883 4413 iterandae
1899 4380 1911 4414 ‚

647 4467 694 4528 ac
709 4435 938 4554 supplendae
952 4438 1173 4538 essent‚nec
1190 4445 1299 4528 intra
1313 4446 1499 4531 bimestre
1514 4442 1689 4558 spatium
1708 4446 1915 4532 interdum

646 4579 808 4644 tantum
854 4555 1143 4669 perficeretur,
1171 4586 1364 4675 quantum
1397 4560 1653 4675 praesentibus
1690 4567 1842 4655 nobis,
1871 4570 1914 4652 δι

645 4675 753 4762 diem
771 4677 966 4768 idoneum
981 4683 1106 4765 nactis
1124 4686 1259 4793 paucis
1276 4680 1384 4766 horis
1409 4679 1640 4770 absolutum
1667 4681 1805 4772 suisset
1825 4748 1834 4767 .
1864 4687 1913 4766 Et

629 4797 1052 4917 pparuen'expec‘tandae
1068 4822 1183 4883 erant
1201 4795 1493 4890 observationes
1523 4801 1632 4899 isiae,
1661 4833 1708 4894 ac
1722 4801 1912 5004 sustineg.

726 4954 732 4964 ’
1892 4949 1914 5004 a
