4144 5784
638 575 720 668 508
972 565 1073 652 ΟΡ
1103 565 1141 651 U
1170 566 1199 648 S
1223 567 1259 650 C
1288 563 1329 650 U
1359 561 1391 650 L
1419 565 1461 652 U
1487 565 1533 650 M

634 675 912 772 samindicass
941 679 1002 768 vel
1016 685 1140 768 etiam
1154 685 1307 768 evincit
1320 681 1442 768 nostri
1456 678 1616 788 hujusce
1629 677 1772 794 gradus
1784 707 1897 766 com·

633 801 793 914 paratio
811 829 903 884 cum
915 831 968 886 eo
981 801 1391 887 PromontoriiBonae
1405 800 1498 911 Spei
1517 857 1529 890 ‚
1558 827 1640 908 quo
1658 798 1714 884 est
1728 800 1891 888 minor.

632 937 740 1000 ututv
761 916 955 1029 graduum
983 917 1122 1004 decem
1149 915 1364 1003 intervallo
1390 918 1516 1029 magis
1540 917 1659 1000 distet
1683 917 1731 999 ab
1757 941 1888 1028 aequa·

633 1055 725 1120 tore
744 1100 752 1115 .
781 1031 1070 1150 Irtegularitati
1085 1057 1216 1122 autern
1231 1029 1303 1147 ips
1320 1031 1538 1148 plurimum
1554 1029 1682 1114 adhuc
1698 1033 1817 1142 magis
1836 1027 1857 1112 s
1873 1075 1887 1095 ·

634 1174 703 1234 vet
718 1147 818 1236 illud
833 1209 846 1242 ‚
860 1151 970 1264 quod
983 1154 1022 1234 in
1041 1149 1118 1236 fine
1136 1152 1257 1266 primi
1272 1147 1455 1266 opusculi
1475 1145 1590 1262 supra
1605 1149 1720 1230 innui
1735 1202 1747 1234 ,
1763 1174 1890 1231 exem·

634 1263 746 1379 plum
762 1270 942 1352 omnium
958 1274 1124 1354 Naturae
1138 1297 1305 1382 operum
1326 1327 1338 1358 ‚
1356 1295 1445 1380 quae
1457 1263 1617 1379 quidem
1633 1260 1891 1349 inelementia

633 1379 930 1497 simplicitatem
947 1381 1136 1470 summam
1149 1380 1350 1496 praesefert
1364 1387 1528 1497 ubique,
1545 1383 1587 1464 in
1600 1378 1892 1468 elementorum

634 1503 858 1614 aggregatis
873 1499 1181 1616 inequalitatem
1198 1499 1382 1587 afferrat.

386 1647 541 1722 reaturo
553 1652 617 1725 rga.
682 1645 778 1728 320.
807 1620 864 1700 En
881 1619 1019 1730 igitun
1035 1616 1134 1730 quid
1148 1616 1199 1700 de
1211 1644 1253 1698 re
1268 1637 1359 1700 tota
1374 1613 1622 1702 sentiendum
1642 1613 1740 1699 mihi
1758 1611 1893 1701 videa·

384 1734 617 1864 lisdhhh‘sh'ss
636 1756 730 1818 tur.
759 1735 959 1848 Inprimis
979 1731 1081 1818 illud
1100 1731 1196 1818 mihi
1214 1729 1434 1844 persuasum
1456 1737 1536 1822 eli,
1563 1731 1821 1850 quaestionem
1840 1715 1892 1817 'de

385 1883 615 1944 numantia.
631 1851 939 1964 magnitudine,
965 1853 1010 1936 dc
1040 1845 1169 1966 figura
1183 1847 1353 1936 Telluris
1367 1851 1674 1936 determinanda
1705 1879 1757 1935 ex
1783 1877 1893 1934 men-

384 1962 499 2032 Μ·
631 1967 720 2054 suta
734 1967 929 2082 graduum
942 1995 1025 2051 non
1042 1966 1172 2054 solum
1196 1963 1422 2054 absolutam
1439 1967 1567 2054 adhuc
1595 1996 1676 2053 non
1703 1965 1804 2060 elle,
1830 1963 1895 2050 sed

630 2083 704 2171 else
733 2088 804 2172 vix
833 2085 1087 2174 inchoatam.
1118 2079 1423 2198 Maupertuistus
1449 2113 1499 2170 ex
1522 2087 1681 2170 duobus
1704 2083 1892 2198 gradibus

515 2243 520 2256 =
629 2199 896 2318 Lapponiensr
913 2205 985 2297 ,δι
1001 2201 1161 2288 Gallico
1177 2229 1260 2285 rem
1277 2199 1503 2288 consectam
1520 2203 1763 2292 arbitratus,
1779 2205 1896 2315 ligu-

629 2349 715 2404 ram
740 2317 911 2406 Telluris
931 2319 1242 2404 determinatam
1260 2323 1426 2432 Europae
1442 2323 1480 2402 in
1496 2315 1689 2402 summam
1706 2324 1891 2432 expedia·

630 2436 789 2518 tionem
805 2442 947 2520 ereetae
962 2437 1195 2521 nunciavit:
1221 2460 1263 2522 at
1289 2465 1376 2520 eam
1402 2436 1782 2522 determinationem
1801 2427 1890 2548 *ipse

626 2547 771 2634 deinde
787 2555 1057 2638 commutavit
1071 2614 1082 2640 .
1097 2554 1343 2668 Bouguerius
1360 2550 1568 2666 aliquanto
1583 2553 1670 2666 poll
1690 2581 1742 2636 ex
1750 2549 1893 2636 iisdem

627 2669 850 2783 principiis,
864 2663 932 2752 sed
947 2668 1033 2754 aliis
1048 2667 1251 2783 assumptis
1263 2669 1601 2784 gradibunsum&
1613 2661 1890 2782 Lapponienh

624 2813 713 2870 rem
741 2780 780 2870 se
809 2785 951 2871 itidem
966 2783 1169 2900 perfecisse
1199 2790 1414 2876 arbitratus
1430 2792 1600 2901 primo,
1631 2783 1890 2871 consentien-

624 2905 733 2988 tibur
745 2898 933 2988 mensuris
945 2901 1321 2995 aliis‚commutare
1333 2904 1480 2990 deinde
1494 2904 1638 2992 debuit
1653 2900 1888 2990 sententiam

623 3016 761 3107 suam,
790 3023 835 3104 &
847 3041 1002 3106 mutata
1019 3017 1228 3135 hypothesi
1253 3023 1343 3136 post
1371 3045 1566 3108 mutatam
1584 3018 1733 3106 Gallici
1748 3021 1887 3134 gradus

623 3135 943 3248 magnitudinem
974 3140 1111 3223 omnia
1127 3136 1377 3250 explicavit,
1408 3137 1509 3224 licet
1531 3136 1641 3223 nulla
1659 3140 1743 3244 ejus
1759 3141 1891 3253 hypo·

623 3247 780 3338 theseos
805 3245 991 3366 physon,
1018 3281 1064 3338 ac
1087 3253 1315 3340 mechanica
1340 3258 1447 3340 ratio
1463 3253 1578 3340 reddi
1597 3251 1754 3368 posset.
1789 3260 1890 3344 Mox

620 3365 759 3454 Caillii
785 3369 928 3484 gradus
955 3399 1041 3458 eam
1066 3369 1315 3486 hypothehm
1341 3367 1470 3486 ipsam
1498 3369 1679 3458 stmditus
1696 3373 1852 3458 evertit
1874 3427 1887 3463 2

622 3489 754 3572 noster
779 3505 912 3572 autem
932 3489 1100 3578 omnia,
1124 3513 1211 3598 quae
1228 3487 1305 3574 hue
1321 3487 1443 3604 usque
1459 3491 1596 3576 habita
1622 3486 1784 3576 suerunt
1815 3518 1889 3603 pro

497 3699 500 3706 Ι
623 3603 896 3706 indubitatis,
925 3625 973 3688 ut
1006 3600 1124 3696 illud,
1152 3603 1402 3692 Meridianos
1428 3633 1569 3692 omnes
1596 3605 1765 3719 aequales
1796 3603 1891 3699 esse,

622 3721 821 3830 pervertit
840 3718 973 3808 multo
986 3720 1132 3833 magis.
1156 3727 1255 3842 Qro
1272 3723 1387 3836 plura
1397 3751 1471 3838 per
1489 3719 1810 3810 observationem
1826 3722 1889 3808 de·

625 3827 827 3920 finivimus
844 3837 920 3926 huc
935 3835 1053 3953 usque
1067 3839 1108 3920 in
1121 3833 1199 3924 hoc
1212 3865 1354 3950 genere
1369 3898 1382 3934 ‚
1398 3869 1449 3928 eo
1463 3843 1588 3954 magis
1602 3843 1748 3926 incerti
1759 3840 1894 3924 reddi·

574 4052 578 4066 Ι
624 3975 714 4034 mur
728 3950 777 4032 de
791 3983 832 4034 re
847 3977 959 4041 tota.
1880 3995 1884 4002 ⁴

371 4113 472 4170 m,
491 4131 523 4170 ,χ
545 4115 634 4182 ,Μμ
687 4095 778 4176 321.
813 4069 875 4154 lili
901 4090 1033 4156 tamen
1059 4071 1189 4160 adhuc
1219 4078 1357 4189 ingens
1390 4074 1617 4186 huiusmodi
1638 4071 1899 4193 perquisrtio·
2039 4083 2040 4091 '

372 4193 722 4284 ¹ementito-num
744 4181 892 4270 fruetus
922 4189 1000 4272 huc
1023 4185 1142 4304 usque
1171 4194 1295 4278 etiam
1325 4193 1506 4284 habitur.
1541 4199 1893 4310 primoquidem,

370 4271 447 4405 2¹:2¹:
458 4273 511 4340 ⁵²¹⁸
528 4277 609 4370 ‘⁰¹⁴⁹
624 4302 739 4414 quod
756 4301 1023 4388 excludantur
1037 4306 1278 4421 hypotheses
1292 4339 1428 4398 omnes
1443 4314 1656 4425 gravitatis
1679 4322 1736 4414 ,ad
1753 4317 1895 4399 datum

625 4417 826 4508 tendentis
862 4445 1079 4516 centrum,
1110 4453 1207 4537 quar
1235 4427 1301 4510 hie
1330 4429 1460 4514 noller
1491 4430 1635 4542 gradus
1671 4431 1853 4516 excludit
1885 4495 1896 4516 .

621 4533 809 4625 Deinde,
843 4537 888 4621 u't
902 4543 1073 4650 gravitas
1098 4565 1235 4626 mutua
1259 4547 1300 4626 in
1314 4545 1531 4658 particulas
1558 4553 1736 4636 materiae
1766 4547 1895 4635 multo
2036 4575 2037 4583 ‘

619 4651 876 4767 probabilior
902 4651 973 4740 liat
993 4654 1197 4771 irregulari
1213 4661 1285 4744 hac
1300 4665 1524 4750 mutatione
1555 4693 1780 4753 curvaturae
1808 4695 1896 4752 cur·

622 4797 679 4858 ute
693 4773 898 4884 equilibtii
911 4831 925 4870 ,
938 4801 961 4862 a
974 4805 1054 4890 qua
1067 4774 1262 4892 graduum
1277 4783 1518 4896 magnitudo
1532 4779 1785 4872 desumitur.
1805 4790 1900 4872 Prae·

1792 4925 1899 4989 terea
