4136 5778
448 603 688 738 (ΠΛ
749 609 792 694 R
851 601 888 692 T
943 601 998 694 Uv
1042 601 1119 692 M.
1330 638 1414 728 373

149 735 232 822 rius
258 726 458 852 opusculo
475 758 501 817 2
521 757 629 814 num.
653 743 730 814 18.
755 725 802 810 ld
815 725 980 839 quidem
1003 717 1260 812 intervallum
1278 727 1419 819 imme-

150 855 257 942 diste
275 853 413 940 metiri
433 875 517 932 non
534 849 774 961 potuimus,
805 842 873 928 sed
900 846 1254 931 determinavimus
1280 875 1418 963 ope)

146 970 338 1088 trianguli
373 961 722 1078 fereaequialteri,
753 963 867 1070 cujus
885 961 1054 1076 angulos
1069 961 1234 1051 dimenfi
1261 963 1418 1064 sumus,

148 1091 193 1176 δε
209 1089 313 1178 latus
339 1115 466 1174 unum
483 1080 675 1196 ‚quaefito
690 1078 909 1165 intervallo
926 1079 1007 1165 lere
1020 1079 1193 1196 aequale.
1229 1087 1279 1166 In
1291 1083 1420 1172 latere

146 1205 403 1292 dimetiendo
418 1205 525 1287 idern
541 1229 658 1285 error
674 1201 886 1288 committi
907 1199 1079 1316 potuit,
1106 1202 1177 1313 qui
1194 1201 1418 1316 potuilset,

144 1319 317 1437 filplum
335 1315 599 1408 intervallum
614 1317 850 1406 immediate
864 1314 1244 1405 observaviffemus.
1278 1325 1325 1406 In
1350 1350 1422 1406 an-

143 1442 252 1556 gulis
265 1435 454 1554 trianguli
472 1464 588 1524 error
607 1439 777 1522 omnino
796 1438 1007 1522 committi
1035 1465 1118 1523 non
1144 1444 1314 1552 potuit,
1346 1441 1420 1556 qui

144 1559 363 1644 dimidium
378 1555 577 1674 pollicem
593 1607 605 1646 ,
638 1558 767 1643 immo
782 1582 856 1638 nec
872 1557 944 1671 qui
958 1554 1095 1640 multo
1111 1559 1311 1643 minorem
1326 1557 1422 1672 pol·

143 1672 235 1761 licis
252 1701 415 1790 partem
430 1671 562 1760 secum
577 1673 712 1760 trahat
725 1677 768 1758 in
783 1671 1001 1761 intervallo
1016 1671 1278 1760 deliniendo.
1309 1682 1422 1763 Nam

142 1793 186 1878 in
208 1815 325 1881 tanta
342 1795 491 1882 vicinia
506 1794 658 1906 exiguo
676 1789 768 1907 ipso
786 1792 956 1878 minoris
982 1789 1218 1904 quadrantis
1245 1787 1421 1881 telelco·

141 1913 218 2025 pio
233 1911 476 2026 magnitudo
490 1909 654 1995 dimidii
667 1907 832 2023 pollicis
846 1913 1069 2024 apparebat
1098 1911 1282 2014 immanis
1297 1910 1418 2006 lane,

141 2031 190 2115 δι
204 2025 402 2116 summam
421 2029 463 2113 in
477 2057 530 2114 eo
542 2026 796 2114 adhibuimus
814 2055 956 2112 curam
974 2083 987 2119 ‚
1020 2047 1067 2113 ut
1093 2052 1307 2120 centrum,
1337 2031 1418 2114 cir·

137 2145 477 2262 raquodregula
493 2144 659 2232 mobilis
672 2148 934 2233 convertitur
950 2201 963 2236 ,
979 2145 1420 2235 accuratecolloeare·

135 2287 207 2352 tur
224 2263 348 2379 supra
362 2268 526 2352 initium
540 2317 552 2353 s
568 2266 613 2351 dc
631 2259 753 2350 finem
764 2261 921 2354 lateris,
935 2265 1048 2380 quod
1062 2261 1416 2382 allumpseramus‚

136 2385 187 2469 ὃ(
201 2379 327 2469 menfi
341 2380 536 2470 fueramus
556 2378 755 2498 adipsum
785 2383 1047 2470 intervallum
1071 2381 1353 2472 deducendum
1371 2453 1379 2472 .
1399 2423 1407 2458 ι

205 2514 308 2615 362.
348 2505 478 2590 Porro
508 2496 741 2590 mensuram.
761 2495 962 2610 ejusmodi
989 2499 1209 2618 diligenter
1239 2504 1412 2594 institui·
1430 2541 1498 2600 cua
1517 2545 1545 2600 n
1570 2559 1603 2601 eo
1622 2543 1663 2600 n·

135 2649 232 2712 mus
248 2623 290 2704 in
307 2618 398 2736 ipso
413 2623 502 2714 itu,
534 2619 690 2737 angulis
703 2617 844 2735 saepius
857 2622 991 2736 captis
1016 2647 1111 2706 cum
1139 2618 1296 2707 summo
1311 2651 1411 2707 con·
1429 2627 1542 2755 “ffb
1570 2622 1666 2680 Μ’·

133 2736 285 2829 sensu,
314 2741 359 2826 &
374 2733 484 2851 figna
495 2739 732 2849 reliquimus
746 2733 899 2822 defossa
914 2734 1065 2827 altius,
1093 2765 1186 2850 quae
1209 2740 1252 2818 in
1274 2739 1409 2828 reditu
1427 2719 1451 2754 ω
1483 2699 1574 2764 ”⁴⁰⁸

130 2854 525 2948 illaelainvenimus3
551 2855 755 2968 prioribus
788 2869 876 2938 tum
903 2855 1029 2940 etiarn
1056 2850 1412 2946 illisdetermina-

134 2977 329 3063 tionibus
341 2967 397 3061 ulr
411 2975 658 3090 utrobique.
1401 3040 1404 3050 ·

134 3137 142 3146 ·
206 3105 306 3200 363.
339 3092 459 3180 Alter
484 3094 634 3180 erroris
663 3089 752 3182 fons
778 3093 908 3182 videri
934 3090 1222 3212 poli'etllexus
1239 3097 1409 3188 illaeno·
1428 3087 1660 3224 ffilfffulffij

131 3209 229 3299 strae
243 3203 409 3300 baseos,
436 3209 486 3294 de
501 3239 585 3324 quo
601 3215 739 3325 &ego
759 3217 803 3300 in
818 3210 1018 3329 opusculo
1040 3245 1058 3301 1
1088 3221 1276 3332 egi-num.
1300 3245 1378 3326 155
1396 3280 1409 3316 ,
1429 3243 1459 3299 n
1473 3185 1649 3304 tissima.

133 3331 189 3412 ἃς
222 3325 390 3411 Mairius
416 3326 456 3411 in
482 3324 683 3442 opusculo
699 3357 727 3416 κ
744 3351 863 3416 num.
886 3347 969 3427 18,
998 3361 1118 3448 quem
1144 3338 1310 3452 quidem
1338 3339 1411 3429 flea
1429 3323 1497 3383 “¹“
1514 3341 1541 3398 θ’
1559 3329 1613 3384 ²¹¹

129 3469 241 3534 xum
269 3446 465 3556 exprimit
493 3443 642 3531 tabulae
663 3473 682 3532 1
714 3445 842 3566 ligura
861 3481 904 3536 1.
935 3458 994 3568 At
1011 3480 1060 3537 ue
1079 3457 1111 3540 is
1125 3454 1290 3570 quidem
1306 3455 1410 3568 ejul-

127 3559 260 3650 modi
272 3557 346 3645 elle
362 3566 533 3676 potuit,
565 3587 612 3650 ut
625 3567 708 3674 ejus
722 3571 1027 3656 ratio-habenda
1041 3571 1115 3658 fit.
1145 3579 1251 3659 Nam
1271 3577 1311 3657 in
1327 3578 1411 3688 prid

127 3682 215 3768 mis
233 3675 424 3792 angulum
442 3685 477 3766 Α
495 3685 567 3774 ‚dc
580 3687 613 3768 C
625 3685 771 3790 majori
786 3689 1011 3800 quadrante
1027 3687 1327 3802 diligentiffim'e
1340 3685 1408 3778 cler

132 3795 375 3886 finivimus.
408 3800 669 3889 Erexeramus
697 3825 835 3888 autem
860 3803 941 3890 tres
960 3811 1097 3892 trabes
1114 3807 1405 3922 inpendisse,

131 3919 203 4005 B,
233 3918 268 4001 C
281 3911 447 4028 prorsus
470 3916 523 4002 ad
549 3920 919 4034 perpendiculum,
949 3925 993 4009 dt
1022 3927 1071 4009 iis
1094 3923 1407 4040 imposueramus

130 4032 311 4120 latiores
338 4032 581 4121 transversas
604 4034 821 4125 ¹vertitales
854 4037 1328 4138 emeliorandum,
1362 4053 1406 4131 in

131 4177 313 4262 quarum
326 4152 503 4238 medium
519 4151 845 4247 conuiuabatur,
872 4159 1170 4278 notabaturque
1183 4162 1404 4279 diligenter

130 4265 362 4359 distantia,
389 4273 434 4357 ὃ(
449 4265 604 4387 politio
615 4274 746 4359 centri
758 4275 996 4389 quadrantis
1019 4275 1201 4392 respectu
1230 4280 1405 4398 punmoss

129 4387 313 4475 tumel,
340 4387 386 4474 δι
413 4393 447 4474 C
461 4390 552 4479 ‚stad
583 4389 946 4476 corredtiunculam
971 4391 1258 4486 adhibendam.
1290 4405 1403 4488 love-

130 4504 279 4594 nimus
294 4524 429 4590 autem
448 4538 519 4595 eos
532 4505 698 4624 angulos
712 4511 892 4624 apprime
910 4505 1193 4623 respondentes
1202 4509 1402 4614 'lateribus
1468 4505 1473 4516 ⁸

129 4620 214 4713 -BC
227 4623 327 4736 ,AB
354 4619 535 4711 mensura
550 4627 697 4714 adluali
714 4623 920 4716 delinitiss
949 4630 1093 4743 quibus
1119 4634 1307 4721 nimirum
1332 4667 1402 4721 eo·

127 4769 235 4827 rum
249 4734 354 4828 linus
372 4743 707 4858 proportionales
725 4739 845 4837 lunt,
876 4750 920 4832 dt
949 4745 1092 4838 latiis,
1126 4777 1173 4837 ut
1199 4755 1328 4837 radius
1345 4750 1397 4836 ad

129 4855 872 4982 cofinumangunsssveloitanm
889 4862 1208 4962 velBCadAD,
1225 4869 1398 4958 velCD.

1180 5003 1281 5095 464.
1296 5000 1405 5084 Gon*
