4178 5748
568 607 1105 708 SECUNDUM:
1379 636 1458 723 ης

202 760 319 847 quam
336 724 527 844 angulum
541 725 777 812 restionem
790 724 984 840 trianguli
997 727 1104 812 istius
1128 725 1325 814 extribus
1355 727 1460 826 datie

201 848 395 935 lateribus
410 845 591 930 invenire
609 909 618 934 .
647 849 784 955 Atque
802 845 885 928 haec
900 841 1063 957 quidem
1078 846 1250 930 maxime
1266 845 1391 930 obvia
1405 848 1460 928 vi·

198 967 320 1050 detur
336 991 383 1048 ac
396 982 546 1046 naturae
559 958 824 1046 consentanea
840 958 1105 1048 Problematis
1120 956 1323 1076 propositi
1353 959 1461 1046 solu-

195 1084 292 1172 tiu,
320 1107 519 1194 quaecum
532 1099 761 1166 unteunnos
778 1073 898 1162 ferme
925 1079 1098 1190 triginta
1128 1077 1331 1194 cogitanti
1358 1077 1457 1164 mihi

198 1201 236 1284 se
250 1200 383 1315 prima
393 1193 593 1282 obtulerit
608 1245 620 1284 ‚
636 1221 716 1280 non
732 1222 871 1308 parurn
884 1191 1029 1280 deiude
1043 1195 1210 1280 miratus
1222 1189 1305 1278 sum
1321 1252 1334 1285 ‚
1370 1209 1458 1280 eum

200 1314 349 1403 alicubi
369 1338 561 1425 tanquam
577 1337 713 1408 recens
736 1313 943 1396 inventum
973 1312 1313 1405 commemorari,
1338 1333 1457 1427 quum

176 1494 180 1502 .
195 1433 490 1545 antiquioribus
508 1433 691 1516 omnibus
705 1449 845 1518 notam
861 1425 969 1517 tuisse
996 1431 1162 1518 minime
1179 1428 1452 1518 dubitabam.

192 1549 323 1638 Facile
342 1571 478 1636 tamen
494 1545 675 1634 accidere
699 1544 839 1664 potuit
866 1567 914 1634 ut
942 1569 1118 1662 propter
1145 1541 1256 1634 cesus
1280 1543 1456 1652 insolen-

192 1667 325 1757 tiam,
342 1664 472 1764 nullus
486 1693 627 1751 eorum
645 1662 695 1748 de
711 1663 783 1750 iste
794 1657 999 1754 solutione
1014 1665 1265 1753 mentionem
1279 1658 1449 1758 fecerit,

254 1805 325 1886 κς.
357 1778 823 1888 Sialterumexobjeetir
847 1781 916 1865 ini
948 1776 992 1866 so
1006 1779 1222 1868 horizonte
1235 1776 1353 1866 [itum
1367 1775 1450 1868 fue·
1459 1819 1535 1880 crus
1544 1821 1695 1902 rmum.

189 1899 276 1993 rit,
302 1927 362 1986 res
386 1920 477 1990 tota
502 1925 574 2010 per
592 1901 706 1984 unius
733 1919 893 1983 tautum
917 1809 1129 2010 i'rienguli
1153 1897 1341 2008 Sphaerici
1368 1899 1452 1989 Re·

190 2019 286 2100 etan
317 2013 374 2100 uli
389 2011 636 2103 solutionem
653 2012 942 2128 expediretur,
967 2012 1080 2120 cujus
1108 2012 1298 2100 nimirum
1314 2017 1454 2128 Hypo·

188 2045 328 2216 tenuia
342 2129 646 2242 foretAngulus
670 2128 932 2221 observatus,
960 2126 1135 2222 alterum
1163 2157 1365 2220 vernerus
1388 2131 1453 2214 di·
1577 2128 1579 2137 ’
1632 2187 1635 2221 i

186 2245 332 2334 stantia
355 2247 521 2335 alterius
539 2247 692 2353 objee‘ti
718 2249 772 2334 eb
786 2249 1039 2340 Horizonte‚
1069 2245 1174 2333 unde
1193 2271 1265 2362 per
1292 2246 1452 2334 unicum

182 2363 431 2483 Analogiam
443 2361 719 2452 innotesceret
745 2365 945 2454 contiuuo
962 2393 1052 2452 crus
1065 2365 1259 2452 alterum,
1281 2360 1357 2451 five
1370 2367 1449 2452 Ar·

180 2506 253 2566 cus
268 2480 772 2595 Horizontalisquaefitus‚
802 2480 845 2566 id
863 2481 1107 2596 quodrliam
1136 2479 1370 2572 extrahunc
1384 2508 1451 2570 cu·

181 2590 271 2682 sum
280 2596 486 2715 propofiti
501 2597 769 2688 Problematis
781 2595 1026 2711 solutionem
1038 2597 1228 2713 suggeriu
1239 2623 1327 2710 quae
1341 2622 1444 2682 tanr-

176 2711 254 2800 etsi
266 2718 401 2832 prime
436 2715 570 2802 fronte
597 2714 808 2832 operofio'r
833 2714 1040 2808 videatur,
1070 2719 1111 2799 iu
1126 2711 1266 2800 multis
1281 2736 1441 2804 tamen,

176 2831 269 2926 imo
288 2831 371 2920 fere
398 2836 439 2917 in
458 2837 645 2921 omnibus
668 2832 820 2920 cefibus
851 2855 1024 2948 propter
1046 2825 1287 2946 compendia
1312 2826 1443 2914 veluti

178 2947 329 3063 sponte
343 2947 409 3037 sua
425 2948 464 3036 se
476 2947 837 3037 offerentialocum
855 2950 1001 3034 mereri
1017 2947 1174 3065 potest.
1591 3023 1593 3028 ,

237 3081 308 3154 26.
340 3069 438 3151 Haec
453 3061 606 3150 solutio
623 3061 761 3150 sitaest
774 3068 817 3147 in
832 3067 1068 3149 inventione
1081 3061 1220 3179 punsti
1237 3060 1442 3147 Horizon·
1454 3057 1642 3120 ΝΜ·

171 3183 232 3284 tis
249 3185 307 3268 C,
335 3184 474 3292 inquo
503 3177 678 3263 circulus
702 3180 901 3264 maximus
914 3208 986 3292 per
1012 3182 1096 3267 duo
1111 3176 1180 3263 illa
1192 3177 1441 3282 objee‘iadu·

169 3298 267 3382 dtus
284 3292 396 3380 ilium
408 3289 649 3380 intersecat.
676 3295 723 3380 Id
738 3301 933 3409 pundtuur
953 3349 965 3384 ,
993 3292 1021 3384 st
1040 3298 1200 3406 objeeta
1224 3301 1259 3378 Α
1274 3295 1319 3379 &
1337 3298 1436 3392 Bau,

167 3407 348 3496 diversas
363 3433 499 3524 parter
512 3413 753 3496 Horizontis
763 3417 951 3516 jaceant,
977 3433 1025 3498 ut
1051 3415 1093 3496 in
1107 3414 1248 3526 Figura
1263 3443 1301 3522 3.
1317 3413 1359 3494 in
1372 3443 1437 3504 rr·

167 3556 221 3614 cu
237 3526 498 3636 ObJeeraifla
508 3529 781 3641 conjungente
810 3527 1027 3618 necessario
1051 3529 1332 3645 reperiendum
1350 3531 1433 3623 est,

169 3639 228 3729 fin
245 3642 406 3732 veroad
434 3641 592 3732 eusdem
610 3668 746 3758 partes
763 3643 947 3760 respestu
971 3647 1216 3736 Horizontir
1237 3643 1308 3730 fita
1332 3639 1435 3740 sint,

169 3787 219 3849 ut
234 3766 276 3846 in
288 3766 433 3878 Figura
456 3789 498 3862 4.
519 3759 653 3848 videre
666 3762 749 3855 est,
770 3767 814 3850 in
838 3765 951 3852 arctis
971 3763 1076 3850 illius
1090 3761 1357 3878 productione
1383 3763 1436 3848 ud

168 3901 306 3994 partes
319 3882 490 3989 Objersti
516 3880 742 3967 Horizonti
769 3883 1098 3997 propinquioris.
1118 3883 1208 3964 Sint
1221 3881 1325 3968 AD.
1358 3883 1434 3968 BD

164 3997 210 4080 in
226 4021 402 4114 utroque
417 3994 509 4084 cusu
540 3997 830 4112 perpendicula
842 4001 892 4086 ab
904 4001 1161 4108 umentem
1192 3998 1283 4082 &B
1299 3999 1340 4082 in
1353 3998 1431 4081 Ar·

165 4139 239 4198 cus
268 4113 554 4204 Horizontales
582 4119 689 4206 Der
704 4174 717 4209 ‚
745 4121 853 4206 DEC
880 4114 1067 4212 demiff23
1099 4137 1322 4228 eruntuque
1348 4110 1433 4225 seg·

167 4251 304 4318 mente
322 4263 488 4321 arcuum
514 4236 557 4319 in
571 4256 747 4350 utroque
775 4231 867 4324 casu
883 4240 978 4326 Ac,
1009 4240 1076 4326 BC
1086 4291 1099 4326 ‚
1126 4261 1302 4346 quorum
1327 4225 1431 4316 surn-

169 4350 290 4434 main
313 4354 458 4464 Figura
475 4383 527 4464 3,
556 4351 783 4439 differentia
806 4383 901 4440 veto
916 4355 955 4438 in
969 4357 1050 4468 Fig.
1068 4351 1265 4452 42Arcui
1292 4344 1431 4436 obser·

165 4487 268 4548 vato
296 4467 452 4580 equalis
478 4471 553 4558 est.
586 4469 726 4583 Itaque
753 4470 979 4558 adhibendo
995 4491 1134 4557 notam
1152 4515 1179 4552 m
1208 4499 1287 4586 pto
1315 4465 1429 4550 diffe-

163 4583 299 4668 rentia
311 4583 480 4674 duorum
497 4591 775 4683 terminorum,
790 4589 1015 4706 quicunque
1029 4589 1190 4680 demum
1205 4587 1333 4694 major
1347 4579 1428 4668 sue·

157 4700 240 4794 tit,
268 4701 381 4790 Dico
395 4699 481 4799 fore
495 4708 537 4790 in
548 4707 681 4821 primo
697 4704 768 4792 cas
801 4773 811 4792 .

1200 4993 1203 5000 ι
1291 4875 1414 5054 Tang.
