4132 5766
627 603 711 680 268
988 589 1584 680 opuscutum·

623 703 703 800 live
717 729 766 798 ut
781 739 886 802 1000
901 703 951 796 td
971 715 1071 810 tnta
1083 742 1123 797 o.
1148 725 1194 800 18
1209 708 1262 794 ad
1274 704 1625 824 quartumprodit
1641 711 1805 824 proMO
1822 708 1901 802 lra-

622 831 710 918 trio
725 824 985 920 insensibilis,
1010 827 1191 942 adeoque
1220 856 1348 915 error·
1368 829 1453 947 Q)
1483 825 1684 913 utralibet
1712 855 1897 945 exparte

597 1022 603 1032 ,
623 943 839 1061 iliurgerct‘
852 947 900 1030 ad
919 959 963 1031 18
992 943 1220 1033 centefimrs
1233 947 1349 1030 unius
1361 939 1523 1029 secundi
1539 1001 1551 1033 ‚
1567 943 1644 1030 five
1668 945 1719 1029 ad
1735 942 1897 1034 sextan-

623 1092 709 1151 tem
735 1062 909 1173 ejusdem
936 1066 1124 1149 circiter.
1154 1063 1228 1148 Sed
1244 1065 1458 1148 imminuta
1485 1061 1708 1147 distantiat
1725 1065 1894 1160 zenitb,

621 1186 668 1269 δε
693 1183 840 1298 angulo
867 1181 1108 1268 deviationis
1126 1180 1255 1267 adhuc
1271 1183 1427 1294 magis,
1458 1195 1635 1294 omnem·
1650 1179 1717 1266 hic
1745 1181 1893 1270 itidem

620 1303 737 1388 error
766 1296 916 1384 sensum
929 1298 1121 1412 effugiet.

366 1455 438 1510 eon
462 1467 602 1524 ermena-
686 1419 779 1524 15'2.
801 1423 920 1504 Patet
941 1438 1073 1501 tamen
1090 1414 1155 1503 vel
1169 1415 1263 1501 hinc
1279 1413 1413 1506 illud,
1438 1411 1581 1503 abhoc
1597 1440 1733 1501 errore
1748 1445 1892 1504 caven·

369 1531 509 1596 ΝΜ·
620 1541 716 1627 dum
730 1533 863 1625 multo
876 1535 1015 1649 magis,
1033 1563 1153 1646 quarn
1166 1561 1188 1616 a
1203 1532 1367 1648 reliquis
1382 1535 1487 1618 binis
1504 1534 1726 1645 prioribus;
1741 1532 1768 1618 li
1781 1539 1893 1624 enim

617 1659 839 1745 meridiana
853 1656 1125 1737 duetaavero
1139 1649 1215 1737 fitu
1230 1649 1421 1738 deflectat
1433 1651 1645 1765 aliquanto
1657 1653 1810 1765 magis,
1839 1661 1892 1742 ἅτ

619 1775 829 1888 aliquanto
846 1771 973 1882 magis
984 1767 1103 1854 distet
1119 1768 1235 1884 limbi
1250 1768 1400 1882 positio
1419 1771 1469 1854 ab
1482 1773 1566 1876 ejus
1578 1765 1729 1856 ductu,
1748 1773 1887 1881 potest

618 1922 733 1978 error
747 1884 975 1978 excrescere
993 1888 1051 1971 ita
1065 1941 1089 1990 2,
1105 1908 1152 1971 ut
1173 1886 1384 1974 contemni
1400 1914 1482 1970 non
1496 1883 1616 1999 pollit
1632 1915 1642 1976 ;
1656 1912 1750 1972 cum
1765 1889 1887 1974 nimi-

618 2039 708 2096 rum
723 2006 770 2095 srt
784 2011 827 2090 in
843 2005 1000 2092 ratione
1016 2002 1223 2115 duplicata
1236 2001 1371 2118 anguli
1386 2001 1828 2116 deviationisadeoque
1840 2009 1888 2089 in

554 2227 559 2234 .
616 2129 848 2216 deviatione
865 2120 993 2237 triplo
1020 2122 1200 2228 majore,
1231 2151 1349 2235 quam
1365 2149 1452 2204 eam
1465 2114 1768 2232 supposuimus,
1800 2151 1888 2234 quae

615 2249 804 2332 nimirum
821 2240 993 2354 aliurgat
1004 2241 1053 2324 ad
1070 2269 1193 2326 unum
1208 2239 1390 2356 gradum,
1406 2241 1449 2324 δι
1462 2264 1552 2353 quae
1563 2238 1619 2321 ob
1638 2240 1888 2326 brevitatem

616 2358 844 2449 transverse
857 2357 1018 2473 regulae,
1034 2359 1149 2446 'unius
1163 2360 1352 2446 nimirum
1367 2359 1496 2476 pedis,
1511 2354 1641 2442 minus
1656 2355 1712 2442 est
1727 2352 1889 2445 senfibi-

613 2481 687 2573 lis,
703 2509 822 2594 quarn
836 2474 884 2562 iit
896 2481 1078 2564 deviatio
1093 2480 1175 2564 axis
1188 2475 1402 2595 telescopii
1416 2476 1531 2592 longi
1546 2475 1665 2588 pedes
1679 2505 1702 2580 9
1723 2472 1888 2590 aplano

582 2621 585 2628 ’
611 2597 777 2684 sectoris
792 2655 804 2690 ,
820 2620 932 2681 error
945 2595 1081 2710 potest
1095 2623 1219 2684 unum
1229 2599 1433 2708 ¹minutum
1446 2593 1662 2681 secundum
1675 2594 1884 2686 excedere,

612 2718 658 2804 ἃ
670 2718 702 2802 is
717 2721 831 2800 error
845 2709 999 2828 semper
1013 2738 1134 2828 auger
1150 2705 1380 2801 distantiam
1396 2710 1569 2800 azenith
1585 2777 1594 2796 .
1622 2711 1782 2799 Deinde¹
1809 2741 1887 2825 pa·

613 2856 677 2922 tet
698 2829 886 2921 &illud‚
919 2835 958 2913 in
973 2829 1094 2916 stellis
1123 2834 1412 2920 remotioribus
1442 2865 1465 2918 a
1489 2827 1882 2918 zenithhuncerro·

518 3023 523 3032 .
612 2948 842 3038 iernmulto
858 2949 982 3061 magis
1003 2953 1166 3062 augerii
1194 2974 1361 3065 augetur
1388 2953 1528 3041 enim,
1558 2946 1690 3034 donec
1725 2944 1881 3063 spherae

610 3066 839 3184 superlioies
859 3064 958 3151 sumi
971 3065 1105 3178 potest
1116 3095 1192 3180 pro
1203 3068 1347 3182 plana,
1376 3071 1416 3152 in
1430 3071 1589 3153 ratione
1605 3063 1803 3151 distantiae
1817 3069 1883 3182 ip·

609 3183 708 3278 fius,
735 3189 780 3270 dc
807 3189 849 3267 in
868 3185 1087 3290 majoribus
1113 3187 1236 3270 etiam
1262 3185 1459 3271 distantiis
1489 3183 1750 3296 nonquidem
1778 3188 1885 3272 inea

611 3306 797 3395 tatione,
823 3300 889 3385 led
909 3325 1042 3384 tamen
1075 3325 1243 3415 augetur
1259 3299 1507 3416 plurimum,
1539 3299 1636 3386 dum
1654 3322 1806 3390 contra
1838 3308 1880 3388 io

609 3419 805 3505 distantiis
819 3419 972 3532 exiguis
988 3421 1182 3503 minuitur
1196 3420 1416 3532 plurimum
1437 3489 1443 3506 .
1840 3445 1848 3451 '

397 3539 589 3674 QJfflJflM
673 3559 765 3648 153.
785 3541 843 3622 Ex
855 3559 1028 3648 utroque
1052 3537 1188 3648 capite
1203 3536 1418 3652 colligitur
1432 3535 1549 3626 facile
1563 3535 1666 3624 illud
1683 3593 1694 3626 2
1712 3540 1776 3624 ubi
1794 3537 1874 3624 ob⁴

355 3622 588 3768 {li‘iiiioiii}
605 3651 803 3742 servandae
819 3650 894 3738 fint
907 3654 1011 3739 Fixae
1024 3651 1126 3765 polo
1139 3657 1332 3766 proximae
1349 3716 1361 3749 ,
1389 3657 1639 3750 curandum,
1667 3682 1715 3744 ut
1726 3654 1880 3742 limbus

355 3773 467 3906 mig·
479 3776 542 3906 ξω
556 3779 585 3832 ¹¹¹
602 3773 854 3884 instrumenti
867 3773 1011 3856 habeat
1025 3768 1074 3852 ad
1090 3768 1241 3864 sensum
1256 3769 1499 3887 positionem
1516 3759 1746 3860 meridianae
1758 3773 1877 3858 lineae

356 3867 428 3908 ’Μ
451 3867 490 3906 ⁰¹¹
511 3871 559 3913 '¹⁵‘
600 3893 711 4006 prius
728 3888 885 3980 durus,
911 3915 990 3974 non
1005 3890 1326 4002 expectandum,
1355 3913 1402 3977 ut
1422 3894 1515 3976 Fixa
1529 3892 1578 3974 ad
1594 3886 1709 3977 filum
1729 3889 1880 4008 appel-

532 4086 538 4094 .
600 4011 661 4094 lat
674 4027 884 4092 momento
912 4003 987 4088 suae
1015 4007 1345 4103 culminationis;
1375 4033 1519 4094 contra
1536 4038 1661 4102 vero,
1690 4011 1762 4095 ubi
1795 4012 1878 4096 ob-

601 4123 807 4214 servantur
821 4127 924 4212 Fixa
936 4124 1176 4210 remotiores
1189 4155 1211 4211 a
1224 4127 1361 4212 zenith
1377 4185 1388 4218 ‚
1404 4129 1625 4212 curandum
1641 4129 1722 4214 hoc
1737 4121 1883 4214 sccun-

601 4243 699 4328 dum
721 4244 871 4356 magis,
906 4269 1027 4354 quam
1042 4237 1142 4325 illud
1156 4249 1358 4354 primum.
1388 4251 1495 4329 Nam
1514 4247 1681 4357 exiguus
1695 4273 1812 4332 error
1830 4247 1880 4330 in

603 4357 1142 4458 momentoculminationis,
1156 4356 1233 4443 srve
1247 4360 1554 4448 determinando
1565 4361 1878 4474 pertalculum2

518 4527 522 4546 2
604 4473 681 4562 live
693 4473 945 4563 observando
973 4477 1014 4558 in
1032 4478 1135 4561 Fixis
1151 4481 1345 4592 proximis
1374 4481 1535 4574 zenith,
1567 4509 1657 4595 quae
1684 4479 1884 4567 celeriter

605 4595 1032 4708 azimuthumrnutant
1047 4592 1290 4706 plurimum,
1316 4597 1449 4710 potest
1466 4598 1508 4678 in
1526 4597 1764 4686 deviatione
1779 4599 1882 4683 lim-

597 4713 640 4796 bi
652 4741 789 4825 parere
805 4713 1100 4797 aberrationem
1112 4712 1328 4798 admodum
1342 4716 1649 4828 ingentemque
1660 4719 1883 4829 ingentem

596 4824 927 4920 erroremlecum
945 4825 1102 4925 trahit,
1132 4833 1333 4920 &contra
1365 4834 1531 4948 exiguus
1545 4863 1658 4918 error
1688 4837 1883 5031 inanlgu·

1811 4981 1879 5042 0³
