4156 5752
652 651 743 730 224
1003 607 1578 711 'opusculum

438 774 504 838 ru.
517 735 615 844 nn,
653 746 745 832 dem
764 735 903 830 cursor
916 743 953 828 P
968 739 1104 856 figurae
1122 763 1142 842 ς
1161 745 1232 839 ,bc
1248 740 1415 829 cochlea
1425 746 1491 826 EF
1498 737 1698 824 collocari
1727 736 1925 827 deberent

598 876 614 932 ³
652 863 695 948 in
708 861 871 966 majore
884 859 1068 944 distantia
1081 864 1131 944 ab
1143 859 1346 945 anteriore
1360 851 1401 942 su
1434 851 1599 948 erficie,
1627 856 1928 943 necirculiGC·

651 977 884 1093 peripheria
899 987 1131 1061 excurreret
1144 976 1260 1089 supra
1273 887 1521 1091 superliciem
1545 978 1789 1059 anteriorem
1814 973 1927 1060 ultra

651 1097 853 1180 vitrorum
883 1091 1029 1182 facies,
1056 1091 1594 1207 &eorum-applicationem
1619 1091 1840 1204 impediret
1868 1090 1924 1174 ud

650 1213 808 1408 imam
821 1210 1000 1321 quamvis
1016 1205 1283 1322 superficiem.
1305 1215 1364 1294 Ut
1379 1209 1501 1292 etiam
1516 1233 1609 1290 curn
1623 1204 1771 1292 lamina
1789 1209 1927 1292 rnobib

669 1347 679 1408 l

683 1357 782 1440 sper
798 1349 930 1411 totam
945 1322 1051 1409 suam
1066 1322 1361 1440 longitudinem
1375 1317 1639 1436 &perforata
1653 1321 1727 1408 elie
1749 1324 1919 1416 debeat,

651 1443 861 1534 delibera,
895 1467 977 1524 non
993 1445 1236 1553 peruuicam
1250 1439 1445 1526 lamellam
1464 1441 1536 1528 M,
1570 1436 1635 1521 vel
1648 1437 1707 1524 Μ’
1725 1444 1767 1524 in
1782 1439 1924 1523 medio

653 1553 765 1643 sitam
779 1557 965 1670 adstringi
981 1559 1171 1648 deberet,
1193 1555 1256 1640 led
1273 1587 1343 1670 per
1359 1556 1471 1640 binas
1490 1554 1609 1646 hinc,
1636 1559 1681 1644 δι
1698 1555 1789 1640 inde
1805 1583 1925 1642 ame·

654 1675 727 1758 dio
738 1679 1022 1760 connectentes
1041 1677 1158 1759 binos
1172 1675 1367 1786 margines
1380 1669 1585 1783 oblongos
1615 1668 1777 1758 laminae
1804 1668 1925 1786 ipfiui·

656 1789 816 1878 mobilis
843 1787 1235 1877 cumlaminisfixis.
1515 1789 1519 1796 ’

439 1971 500 2036 tiu·
529 1971 584 2024 „sm
603 1969 635 2024 ,ἆ
717 1939 785 2006 70.
815 1912 907 2020 Ope
925 1907 1037 2013 hujus
1054 1910 1195 1991 circini
1214 1903 1369 2021 pollent
1396 1907 1597 2016 vitrorum
1628 1903 1741 1988 lineae
1775 1903 1925 1989 adduci

312 2051 318 2059 ·
399 2048 584 2115 romanu·
595 2047 635 2100 u-
657 2019 706 2106 ud
718 2025 940 2108 distantiam
956 2019 1212 2136 semipollicir
1229 2082 1240 2116 ,
1257 2028 1301 2108 dc
1314 2023 1540 2135 comparari
1556 2024 1659 2106 inter
1677 2019 1713 2103 le
1730 2017 1925 2136 semipol·

369 2134 372 2142 ’
400 2121 635 2256 ζξῇῗζω*
654 2136 773 2232 licer3
806 2163 892 2222 tum
910 2141 959 2221 ad
976 2140 1200 2252 distantiam
1227 2138 1423 2252 pollicum
1443 2192 1454 2228 ‚
1486 2141 1530 2222 δι
1543 2137 1771 2251 comparari
1789 2135 1919 2252 polli-

655 2285 742 2345 ces,
776 2253 919 2338 deinde
946 2257 997 2339 ad
1024 2253 1190 2368 reliquas
1220 2255 1446 2344 distantias,
1474 2257 1519 2338 ἃ
1536 2251 1922 2366 reliquaintervallr

655 2368 815 2456 referri.
845 2373 932 2454 Nec
960 2399 1057 2456 vero
1078 2371 1332 2486 necessarium
1361 2370 1455 2456 eliet
1482 2370 1704 2456 adnostros
1727 2367 1817 2456 usus
1844 2374 1919 2453 mi·

608 2559 614 2570 .
658 2510 903 2572 crometrum
919 2497 958 2573 in
978 2486 1066 2601 ipso
1080 2491 1263 2580 circino,
1286 2519 1379 2576 cum
1392 2488 1918 2576 babeamusmicromerrurn

659 2606 701 2686 iu
722 2601 851 2688 limbo
873 2597 1061 2690 fedioris2
1097 2605 1241 2690 Adhuc
1254 2629 1388 2690 tamen
1405 2601 1921 2719 micrometrurniplum-ad

657 2719 707 2803 od
724 2717 857 2833 plures
873 2717 971 2805 alios
986 2717 1073 2806 usus
1088 2719 1184 2812 wellet
1198 2721 1447 2808 utiliffimum
1468 2786 1476 2805 .
1613 2741 1619 2757 '

405 2885 508 2948 m„
531 2885 640 2948 dmi„
701 2864 770 2936 71.
803 2839 989 2921 inventus
1005 2838 1061 2922 est
1074 2865 1211 2923 recens
1231 2840 1430 2929 circinus,
1447 2841 1516 2952 qui
1530 2837 1686 2925 constat
1701 2841 1819 2954 virga
1833 2839 1924 2924 lon·

407 2975 507 3062 menn
528 2965 642 3093 inst¹¹s⁸⁶⁰
661 2958 788 3070 glore,
804 2953 908 3037 &ad
927 2978 1051 3066 caput
1063 2953 1232 3039 alterum
1246 2961 1370 3041 habet
1383 2954 1695 3070 microscopium
1709 2956 1859 3046 fixum,
1873 2955 1923 3042 ad

406 3043 483 3194 :222⁸
504 3050 585 3104 ”¹⁶¹⁰
597 3059 642 3094 ‘⁰'
660 3072 832 3157 alterum
849 3097 945 3154 vero
962 3095 1084 3184 caput
1101 3069 1413 3185 microscopium
1430 3069 1598 3158 alterum
1613 3072 1763 3159 mobile
1779 3131 1791 3164 ‚
1807 3073 1923 3187 quod

661 3187 722 3272 illi
737 3187 821 3270 fixo
835 3189 968 3300 potest
984 3189 1216 3281 admoveri,
1240 3211 1433 3304 quantum
1461 3188 1591 3278 libet,
1623 3194 1666 3275 δι
1680 3193 1836 3276 rabina
1854 3193 1924 3274 rni-

661 3301 872 3414 crolcopia
886 3301 1036 3389 habent
1050 3301 1116 3389 sua
1131 3310 1413 3392 micromerra.
1438 3306 1496 3389 Eo
1512 3301 1778 3392 instrumento
1792 3307 1844 3394 ad
1861 3335 1922 3391 re·

662 3415 1503 3531 crifieandasquadrantisdivifionesutitur
1530 3427 1572 3507 Ρ.
1589 3429 1759 3510 Pezenas
1783 3455 1805 3506 e
1828 3429 1914 3509 Soc.

658 3537 804 3623 Nostra
817 3531 1287 3624 celeberrimusMaffiliae
1303 3545 1453 3655 Regius
1478 3540 1794 3655 Hydrograpbiae
1824 3541 1918 3625 Pro

553 3723 555 3730 .
661 3650 806 3744 seffor,
838 3655 883 3735 dc
904 3653 1193 3746 Astronomus,
1217 3678 1264 3740 ut
1279 3685 1328 3741 ex
1353 3661 1437 3766 ejus
1466 3655 1615 3742 litter-ir
1642 3659 1846 3774 cognovi3
1877 3657 1921 3739 iu

661 3798 743 3883 quo
763 3793 898 3854 tamen
914 3767 1013 3854 illud
1030 3771 1084 3855 est
1114 3775 1285 3858 maxime
1319 3772 1620 3860 incommodum
1641 3832 1654 3866 ‚
1680 3777 1797 3888 quod
1809 3773 1920 3863 valor

659 3888 836 4002 partium
865 3886 1111 3974 micrometri
1139 3911 1319 3975 mutatur
1347 3891 1599 4004 plurimum,
1627 3889 1732 3980 sirei
1754 3889 1918 3978 tantillo

658 4005 737 4109 jam
752 4001 899 4112 magis,
934 4007 1014 4108 jam
1033 4005 1160 4088 minus
1181 4006 1299 4093 distet
1329 4007 1472 4095 limbus
1488 4036 1510 4090 a
1524 4003 1915 4126 micrometroipso.

659 4119 775 4202 Meus
804 4117 869 4199 hic
890 4122 1088 4208 circinus,
1117 4127 1184 4234 qui
1202 4119 1343 4236 sponte
1356 4124 1453 4212 lluit
1466 4155 1488 4208 e
1501 4127 1584 4210 mei
1597 4125 1712 4213 limbi
1729 4129 1920 4214 constitu·

661 4237 809 4324 tione,
834 4263 958 4347 ‘quam
975 4235 1259 4350 perficiendum
1273 4246 1411 4330 curav-i
1430 4241 1563 4326 multo
1577 4248 1703 4336 inte,
1731 4240 1918 4357 quamde

660 4380 711 4437 eo
736 4353 891 4434 circino
912 4355 1135 4467 quidquam
1159 4355 1420 4454 exaudiliem,
1450 4357 1570 4445 babet
1584 4389 1704 4445 omne
1733 4390 1919 4446 commo·

619 4553 622 4558 ,
662 4468 757 4552 dum
782 4469 1048 4582 microl'c-opii
1074 4476 1252 4583 augentis
1277 4474 1509 4567 distantias,
1537 4483 1581 4565 δι
1597 4502 1756 4563 motum
1775 4479 1818 4561 in
1846 4482 1920 4561 im·

662 4581 869 4691 mensum,
900 4585 978 4670 sme
1005 4584 1089 4672 ullo
1119 4586 1314 4692 ejusmodi
1344 4593 1587 4708 paralluxeos
1626 4595 1919 4684 incommodos

664 4719 757 4787 cum
776 4701 880 4787 linea
893 4706 933 4785 in
962 4705 1061 4786 vitri
1087 4700 1292 4818 superficie
1323 4705 1520 4822 designata
1548 4716 1765 4828 contingat
1793 4709 1920 4826 ipsum

664 4815 860 4908 limbum,
893 4821 1033 4932 inquo
1060 4817 1136 4905 lint
1161 4821 1369 4912 divisiones
1396 4831 1446 4913 rd
1471 4857 1636 4918 examen
1659 4831 1916 4922 revocandae.

1803 4958 1920 5038 Pate-
