4256 5730
546 673 577 758 P
635 669 702 754 R·
734 669 756 753 1
813 665 859 750 M
916 665 956 750 U
1010 664 1060 750 M
1073 679 1100 747 «Ἰ
1395 691 1450 773 25

200 793 281 908 quis
296 814 382 874 non
398 785 471 872 libi
485 780 750 900 persuadeat,
781 778 1072 894 inaequalitates
1092 773 1290 886 ejusmodi
1307 783 1452 900 ubique

192 934 428 996 occurrere,
459 929 546 1015 quar
559 897 719 1015 aliquot
730 903 982 984 minutomm
1008 892 1270 987 secundorum
1293 903 1452 988 aberra·

179 1028 348 1112 'tionem
378 1019 601 1103 inducant?
633 1015 781 1105 Saltem
805 1017 892 1127 quis
909 1039 1047 1126 aperte
1074 1040 1159 1099 non
1173 1013 1334 1107 videat,
1364 1021 1450 1126 jure

188 1142 351 1255 optimo
365 1168 413 1222 ea
438 1136 489 1219 de
513 1161 556 1218 re
572 1129 903 1257 dubitaripoffe,
933 1131 1306 1220 immodedebere?
1339 1141 1450 1222 Mau·

186 1253 397 1374 pertuifius
423 1249 587 1368 quidem
612 1252 655 1334 in
683 1252 891 1337 elementis
914 1247 1181 1362 Geograpbiae
1210 1303 1224 1340 ‚
1264 1279 1352 1365 quae
1381 1280 1450 1336 an·

188 1401 245 1457 ao
267 1401 388 1472 1740.
405 1362 644 1483 conscripfi't
661 1424 674 1458 ‚
706 1369 807 1454 hanc
823 1373 1065 1453 amontibur
1082 1389 1215 1452 ortam
1227 1370 1448 1456 aberratio·

180 1519 279 1576 uem
294 1487 368 1576 fibi
393 1489 596 1594 objeetam
621 1482 739 1588 (scio
762 1502 898 1572 autem
926 1515 1055 1570 meam
1070 1481 1183 1568 illam
1205 1481 1451 1574 differtatlo·

180 1635 281 1692 rtem
295 1607 345 1690 ad
358 1607 442 1714 ejus
454 1631 590 1688 manus
614 1627 701 1690 tum
715 1597 905 1690 devenisse
924 1611 941 1706 )
963 1626 1295 1695 commemorat,
1326 1633 1372 1688 ac
1388 1632 1450 1687 re·

191 1721 397 1840 spondet,
429 1721 709 1808 astronomicas
735 1712 1032 1806 observationes
1048 1717 1204 1804 institui
1228 1746 1310 1805 non
1324 1715 1449 1808 solere

189 1841 243 1924 ad
260 1838 482 1951 ingentium
506 1837 660 1944 radices
684 1838 915 1926 montium,
948 1837 1018 1948 qui
1036 1858 1148 1920 tanta
1173 1838 1215 1920 ui
1240 1836 1476 2034 qqlleanr.¹

189 1960 252 2040 At
270 1983 316 2039 ea
339 1949 539 2066 responfio
563 1953 750 2069 inaequali
773 1953 905 2036 textui
929 1953 1106 2070 partium
1121 1950 1237 2065 snper
1294 1954 1345 2035 iei
1372 1974 1452 2036 ter·

189 2065 607 2178 restrisubJeeurum,
639 2077 684 2158 δι
699 2069 901 2159 hiatibus,
932 2095 1018 2181 quae
1034 2067 1196 2178 quidem
1224 2069 1361 2152 omnia
1374 2094 1453 2180 ego

191 2181 306 2272 limul
320 2214 727 2274 commemoraveram
744 2243 756 2278 ‚
772 2191 902 2298 aptari
916 2187 1085 2274 omnino
1108 2212 1190 2271 non
1205 2184 1338 2299 potest
1358 2251 1367 2270 .
1398 2187 1454 2268 Ea

191 2299 443 2390 Obsemator
458 2329 532 2386 nec
551 2304 686 2392 videre
704 2301 837 2419 potest
856 2357 869 2392 ‚
888 2333 962 2391 nec
976 2297 1111 2390 nolle,
1146 2327 1194 2386 ut
1208 2323 1373 2390 caseata
1405 2329 1452 2386 ac

188 2424 438 2504 internarum
467 2418 601 2504 Terrae
627 2424 804 2535 partium
835 2419 1169 2506 constitutionem
1205 2417 1476 2524 conjecturis

190 2533 355 2622 fortasse
381 2534 579 2648 aliquibus
610 2540 791 2623 divinare
822 2535 1059 2650 poilumus,
1090 2533 1183 2622 setis
1209 2559 1325 2620 certo
1343 2521 1453 2624 nolle

79 2660 107 2742 *a
187 2655 460 2740 omninonon
478 2651 699 2766 pollumus.
1286 2715 1292 2726 ·

258 2779 325 2870 ςοῤ
386 2771 499 2886 Quid
512 2799 636 2866 vero,
663 2771 743 2857 fiin
757 2802 804 2858 ea
828 2769 1219 2888 ipsaconstitutione
1244 2767 1394 2858 solidus
1408 2767 1455 2854 il·
1464 2760 1657 2913 afflixi:

190 2883 420 2971 leTelluris
448 2885 636 2981 nucleus,
697 2919 788 2980 uem
802 2893 928 2976 maria
955 2890 1137 2979 alluunt,
1161 2887 1453 3003 inaequalitates
1464 2915 1646 2996 qepun.

189 3003 340 3091 lrabeat
359 3001 402 3084 in
418 3005 508 3088 imis
524 3005 614 3122 ipfis
628 2922 844 3096 eiiceribus
866 3007 1074 3122 aliquanto
1099 3009 1295 3111 majores,
1327 3007 1372 3089 δι
1386 3002 1456 3088 ad·

189 3119 367 3206 modum
393 3119 660 3232 irregulares;
688 3154 740 3209 an
764 3153 848 3208 non
874 3153 925 3207 ex
952 3121 1043 3232 ipfis
1068 3120 1283 3230 aequilibri‘r
1298 3118 1455 3234 legibus

186 3236 366 3321 debebit
397 3259 565 3319 externa
603 3235 780 3347 ipsorum
809 3240 976 3320 niarium
1001 3229 1227 3348 superficies
1261 3235 1342 3320 hoc
1356 3265 1456 3321 uno

182 3349 510 3460 etiamecapite
522 3350 670 3438 alicubi
689 3375 845 3464 turgere
869 3349 1073 3462 aliquanto
1085 3352 1240 3464 magis,
1270 3349 1371 3437 alibi
1383 3352 1456 3443 ali·
1486 3378 1490 3397 ·
1521 3379 1525 3394 ’

189 3491 352 3584 quanto
377 3465 505 3577 magis
520 3467 797 3584 complanari,
828 3489 891 3558 ut,
901 3468 1097 3580 graduum
1123 3467 1365 3583 inaequalitas
1392 3461 1456 3556 vel

191 3583 359 3698 penitus
387 3582 615 3694 irregularis
643 3581 719 3673 fit,
751 3581 817 3670 vel
844 3580 1140 3698 irregularitate
1164 3587 1335 3696 quadam
1352 3614 1460 3673 rece·

192 3701 269 3782 dat
295 3695 545 3810 plurimum?
577 3705 683 3788 Nam
711 3699 843 3796 illud,
872 3701 984 3815 quod
1009 3701 1051 3781 in
1063 3695 1234 3784 Telluris
1249 3695 1378 3812 figura
1405 3729 1457 3788 ex

185 3815 426 3928 equilibrio
455 3815 669 3904 derivanda
699 3814 830 3902 solent
854 3818 1068 3906 munere,
1109 3836 1242 3900 totam
1256 3815 1462 3904 Tellurem

189 3927 312 4015 fuiffe
337 3930 440 4016 olim
467 3931 635 4022 fluidam
661 3991 674 4027 ‚
704 3938 749 4021 δε
765 3937 844 4022 ubi
871 3937 922 4020 ad
955 3930 1224 4050 aequilibrium
1261 3936 1458 4021 sedatur,

195 4045 319 4132 buerit
346 4106 360 4141 ‚
390 4047 632 4135 concrevisse
662 4111 675 4144 ,
706 4049 821 4138 nullo
850 4048 938 4138 sane
962 4075 1204 4165 argumento
1229 4052 1458 4140 evincitur,

198 4161 373 4249 nullane
404 4163 484 4252 levi
511 4169 676 4282 quidem
691 4170 927 4276 conjectura
950 4165 1141 4255 firlcitur.
1173 4165 1346 4254 Telluris
1361 4197 1461 4256 vero

199 4277 359 4366 mallum
372 4283 433 4366 ita
457 4293 711 4399 comparium
725 4285 823 4380 elle,
855 4309 903 4372 ut
918 4286 1186 4400 aequilibrium
1198 4288 1459 4400 requirebat,

204 4393 316 4504 quod
330 4393 420 4483 satis
437 4403 561 4515 periti
578 4401 751 4489 artifices
766 4405 808 4486 in
823 4402 1043 4492 fornicibus
1070 4403 1303 4490 extruendis
1320 4431 1462 4496 cavere

207 4506 355 4604 solent,
369 4541 527 4608 tenuem
542 4519 706 4632 quidem
719 4522 803 4607 veri
820 4518 1120 4608 limilitudinem
1130 4520 1251 4608 habet
1262 4519 1462 4638 aliquam·

204 4623 302 4712 fide
328 4631 476 4743 ingenti
501 4661 643 4749 agatur
669 4632 899 4726 discrimine
915 4637 1052 4725 astatu
1064 4637 1163 4730 illo,
1196 4669 1316 4754 quern
1345 4638 1468 4750 aequi·

206 4741 375 4832 librium
391 4754 571 4860 requirit,
588 4751 730 4840 livero
742 4755 792 4840 de
806 4759 968 4846 minori,
983 4759 1151 4842 omnino
1166 4759 1338 4842 nullam.
1359 4759 1467 4840 Nam

206 4857 352 4986 inipsrs
367 4867 491 4956 etiam
508 4867 590 4956 illis
605 4865 822 4961 fornicibus
835 4871 1105 4987 aequilibrium
1127 4869 1219 4956 satis
1232 4893 1467 4959 accuratum

1366 5018 1470 5110 pert·
