4144 5784
623 663 664 750 U
718 662 743 748 1
799 663 842 746 N
900 655 936 748 'l'
992 659 1033 746 U
1092 663 1164 748 M.
1404 682 1482 764 511

218 669 705 872 effumaturcerti‘buclei
727 773 845 893 ipsius
873 775 1114 978 ellilpticitas
1131 846 1139 862 .
1159 775 1359 884 Maiorem
1372 775 1484 863 illam

219 901 543 994 fractionemnos
559 894 917 982 etiaminrenimus
950 923 1051 1009 upra
1062 894 1482 994 num.251‚nirnirum

219 1012 794 1129 ;,“-,.1ἐτιιιηε111ρῑὶεἰῑαῑεωο
811 1011 995 1128 gadibus
1010 1007 1202 1096 sumendo
1222 1011 1328 1096 inter
1342 1037 1485 1099 ornnes

218 1137 360 1218 decem
390 1129 748 1216 determinationes
775 1129 977 1221 medinm,
1007 1129 1230 1214 invenimus
1243 1153 1335 1211 non
1349 1129 1482 1234 majo-

218 1275 306 1332 rem
327 1243 408 1362 [ζμ
444 1241 510 1330 sed
525 1247 748 1333 minorem,
772 1241 1021 1359 nimirumsss
1043 1307 1053 1330 .
1083 1241 1158 1329 Illa
1179 1241 1343 1355 quidem
1362 1246 1487 1358 prior

222 1357 371 1451 stadio
390 1362 437 1478 {2³¹⁶
456 1362 675 1474 requireret
700 1359 1004 1475 elliptititntem
1029 1355 1206 1476 ssjuxta
1236 1387 1343 1446 num.
1361 1387 1479 1460 241'»
1519 1399 1524 1414 ¹

215 1483 415 1568 minorem
441 1477 569 1566 adhue
588 1537 600 1570 ,
619 1504 738 1594 quam
752 1479 804 1594 ἢ,
822 1508 835 1574 r
852 1473 918 1564 led
931 1477 1058 1562 adbuc
1083 1475 1166 1561 hec
1181 1477 1266 1563 duo
1279 1475 1480 1570 manifesta

219 1593 334 1691 lunts
352 1597 487 1710 primo
498 1597 662 1709 quidem
676 1597 876 1682 minorem
888 1589 1023 1682 haberi
1036 1619 1087 1685 ex
1100 1596 1288 1682 omnibus
1301 1596 1480 1710 quinque

215 1711 413 1828 graduum
444 1713 814 1800 combinationibus
842 1709 953 1796 limul
982 1705 1246 1824 compulitis,
1277 1735 1324 1796 ut
1352 1739 1477 1824 opor·
1579 1725 1581 1729 ’

215 1833 353 1923 tebatr
380 1829 525 1914 deinde
541 1857 638 1914 vero
667 1831 821 1943 exiguo
838 1853 976 1920 errore
999 1830 1043 1911 in
1074 1828 1261 1940 gravium·
1286 1827 1479 1916 directio·

203 1971 289 2038 ne,
321 1973 394 2030 nec
407 1947 466 2032 ita
478 1973 624 2060 magno
648 1949 693 2028 in
704 1945 918 2060 gravitatis
933 1947 972 2030 vi
992 1965 1089 2031 orto
1108 1971 1164 2030 ex
1176 1943 1480 2057 irregularitate

177 2153 181 2160 ,
211 2059 384 2148 Telluris
400 2057 623 2176 superficiei
642 2063 831 2174 proxima
861 2055 980 2148 facile
1011 2058 1099 2146 lieri
1115 2058 1249 2172 polle,
1275 2085 1325 2148 ut
1342 2062 1479 2146 immi-

213 2173 711 2294 nutrlprirndfradiionee
747 2175 988 2266 endulotum
1011 2175 1334 2289 longitudinibus
1365 2173 1476 2262 deri·

213 2311 336 2384 rata,
364 2293 546 2408 adeoque
559 2288 675 2380 andei
698 2207 992 2409 eilipticitate‚
1014 2321 1102 2408 quae
1119 2317 1168 2379 ex
1197 2289 1283 2408 ipsa
1308 2294 1475 2386 oritur,

214 2409 428 2496 imminuta
457 2439 555 2497 tero
587 2409 730 2497 itidem
754 2409 1016 2528 ellipticitate
1040 2411 1205 2499 media,
1233 2438 1358 2525 quam
1382 2437 1476 2525 gra·

213 2525 338 2612 duum
361 2527 681 2614 combinationes
712 2529 928 2620 exhibent,
945 2555 1009 2616 res
1031 2523 1082 2612 ad
1096 2524 1398 2644 aequalitatem,
1427 2527 1477 2616 δε

180 2699 182 2706 ‹
212 2641 479 2729 concordiam
492 2643 730 2730 reducatur.

217 2834 221 2841 .
274 2781 371 2869 325.
403 2757 480 2843 Sed
494 2758 623 2844 adbuc
637 2763 802 2875 exiguus
828 2761 885 2849 est
906 2759 1084 2874 quinque
1097 2755 1397 2872 perdomans,
1423 2759 1472 2848 δε
1502 2805 1724 2868 „mm

243 2877 386 2988 uinque
416 2875 611 2986 graduum
636 2879 715 2960 rite
735 2874 1044 2964 observatorum
1067 2903 1274 2964 numerus.
1309 2881 1469 2990 Optan·
1484 2887 1571 2980 tius·
1597 2891 1724 2986 raquo.

212 2904 310 3074 dum
324 2989 450 3085 illud,
474 3016 524 3076 ut
535 2991 811 3110 multoplures
823 2993 1042 3080 habeantur
1054 2987 1353 3100 obseruationes
1364 2992 1467 3078 utri·
1480 2965 1732 3102 ἳζῖζῖξέἵζζ

212 3104 333 3221 usque
349 3111 435 3202 reis
464 3113 511 3196 δι
539 3109 653 3223 quod
679 3111 858 3226 pertinet
881 3111 933 3197 ad
957 3103 1215 3197 dimenliones
1239 3109 1465 3226 graduum,
1486 3123 1717 3187 ursmarum.

212 3225 298 3312 est,
321 3254 406 3338 quo
419 3223 525 3339 ipsos
539 3223 670 3312 multo
685 3230 940 3319 accuratius,
967 3227 1013 3310 dc
1038 3225 1166 3313 mtius
1188 3223 1472 3314 liberemurab
1863 3170 1878 3285 i

211 3337 357 3448 effectu
386 3339 692 3456 irregularitatis
717 3339 939 3456 superficiei
970 3342 1274 3458 proximae.1d
1305 3346 1470 3432 obtine-

209 3455 321 3542 bitur
335 3461 496 3570 primo,
522 3453 864 3546 fioblervationes
878 3459 1155 3546 astronomicae
1175 3455 1277 3546 fiant
1302 3463 1348 3544 iu
1364 3455 1470 3544 sum·

209 3573 285 3655 mis
314 3574 519 3659 montibus
544 3579 712 3690 potius,
739 3605 860 3689 quam
888 3577 931 3660 in
955 3573 1111 3691 piano.
1139 3574 1246 3663 Tum
1272 3576 1409 3665 enim,
1440 3570 1470 3662 li
1506 3605 1509 3608 ·

207 3687 375 3798 quidest
393 3687 580 3776 denlioris
595 3697 794 3783 materies,
825 3691 889 3780 vel
902 3692 1019 3780 uacui
1035 3719 1167 3806 prope
1189 3686 1471 3806 superficiem,

207 3803 253 3886 id
270 3807 311 3886 in
335 3805 606 3920 pendulorum
634 3808 885 3902 direstione‚
915 3813 963 3898 bt
993 3807 1166 3924 proinde
1196 3810 1242 3891 in
1269 3805 1469 3920 graduum

208 3915 405 4014 mensura,
418 3927 477 4008 ob
489 3921 774 4039 obliquitatem
789 3922 971 4041 respedku
993 3921 1184 4036 ponderis
1196 3927 1241 4007 in
1254 3923 1374 4010 edito
1387 3921 1470 4019 fitis

207 4033 343 4123 multo
373 4043 502 4128 minus
527 4043 686 4130 deviare
713 4046 870 4155 poterit
903 4043 1257 4127 instrumentorum
1284 4039 1467 4126 astrono-

204 4153 405 4240 micorum
419 4159 614 4268 pendula.
642 4159 765 4282 Qiod
780 4158 807 4246 ss
824 4161 1089 4247 in-omnibus.
1113 4157 1178 4238 vel
1192 4156 1374 4268 piurimis
1389 4151 1471 4239 sal-·

205 4289 289 4354 tem
303 4298 324 4354 e
338 4271 575 4360 stationibus
590 4272 832 4362 editioribus
842 4271 1029 4388 poligoni
1045 4266 1142 4356 fiant
1162 4269 1464 4360 obseruationes

204 4383 510 4481 astronomicae,
536 4411 624 4474 tum
654 4419 753 4476 vero
784 4388 958 4474 fortuita
995 4385 1069 4472 illa
1097 4387 1394 4505 irregularitate
1417 4388 1461 4470 in

203 4505 425 4590 contrarias
442 4526 570 4618 partes
600 4530 750 4591 temere
776 4527 948 4620 agente,
971 4500 1167 4592 sumendo
1191 4509 1295 4594 inter
1321 4533 1462 4594 omnes

204 4615 557 4708 determinationes
571 4622 771 4712 mediam,
801 4620 936 4710 multo
956 4625 1079 4708 tutius
1102 4621 1273 4728 iudicari
1297 4626 1461 4738 poterit

202 4731 254 4818 de
273 4731 516 4846 fingulorurn
530 4740 727 4852 graduum
742 4739 943 4827 mensura.
974 4741 1022 4822 ld
1049 4743 1093 4826 δε
1121 4737 1298 4826 laborem
1323 4739 1458 4849 requi-

202 4845 748 4964 ritmultolanemajorem,
775 4861 820 4946 δε
847 4849 1071 4974 impensu,
1102 4857 1295 4947 extruens
1309 4857 1353 4938 in
1368 4850 1462 4988 ipsis

1317 4994 1467 5060 monu-
