1063 1431
341 142 380 163 186
505 138 812 162 ,OPUSCULUM'

337 169 355 190 ri
362 168 427 198 poffet
434 183 440 192 μ
455 171 584 192 amoveretur
593 186 597 190 .
615 169 788 192 Unnmduntaxat
794 169 910 198 exemplum
918 177 974 192 com-

337 205 447 220 memorare
461 199 539 228 possum
549 213 554 221 .
571 200 592 220 in
598 206 640 228 quo
648 199 760 228 periculum
771 199 822 221 illud
837 206 879 220 non
891 201 971 228 penitus

337 228 443 257 depulsum
451 229 544 251 videatur
551 246 556 251 .
564 228 676 251 Collatum
684 230 705 250 in
714 229 790 250 Sabinis
799 237 810 250 a
817 229 891 250 Monte
897 229 974 251 Lucre-

338 257 370 278 tili
386 260 394 284 (
402 258 455 280 hunc
464 259 518 280 enim
530 259 567 280 effe
581 259 670 280 arbitror
678 273 683 281 ,
713 266 758 280 uem
766 265 819 280 nunc
826 259 970 280 Pennecchiam

340 292 429 315 vocant)
437 289 459 310 &
469 303 474 311 ‚
482 294 505 309 ut
511 287 604 310 locorum
613 289 693 317 peritia
714 294 804 309 rmarunt
813 302 818 310 ,
833 295 844 309 a
851 288 972 317 Guadaguo-

339 316 361 339 lo
378 317 545 347 conspiciendum
561 317 581 339 se
595 318 693 346 praebuit.
711 318 730 338 Si
737 318 758 338 iu
765 318 873 346 posteriori
882 317 920 339 hac
934 318 972 339 ob-

339 345 452 369 servatione
461 347 573 369 Collaltum
579 348 633 368 reete
642 346 767 375 designatum
773 346 811 368 finit
818 361 824 369 ‚
831 347 871 368 erit
878 347 920 373 ejus
927 346 974 368 fitus

341 376 357 397 is
366 390 371 398 ,
385 383 445 404 quem
459 376 536 398 Tabula
548 377 631 398 exhibet
639 391 644 399 ,
661 376 688 397 fin
697 377 761 398 minus
772 390 778 398 ‚
792 377 813 397 in
821 383 844 397 ea
850 376 924 397 vitiose
931 376 975 397 col-

342 405 457 427 locabitur.
472 407 531 427 Hunc
546 412 613 427 autem
624 405 692 427 casum
706 411 764 427 certo
779 413 859 429 arcere,
872 405 906 427 feu
918 405 975 434 quod

342 435 426 463 perinde
439 436 482 457 est.
497 436 610 463 peritorum
625 435 707 456 illorum
721 435 819 461 judicium
832 434 905 463 absque
920 435 975 457 omni

342 465 478 486 controverfia
490 464 611 486 confirmare
619 479 626 489 ,
639 464 722 486 aliarum
729 463 895 486 observationum
906 464 975 493 inopia

342 494 439 521 prohibet
446 511 450 515 .

401 523 512 551 Reliquum
528 522 556 545 est
570 529 594 544 ut
608 522 750 552 Longitudinis
763 530 786 545 ac
801 523 926 545 Latitudinis
938 523 976 544 Ur-

340 552 398 573 bium
406 553 497 574 omnium
504 553 617 574 Pontificiae
624 553 709 574 ditionis
716 552 814 574 Tabulam
819 560 845 575 ex
852 551 976 575 observatio-

343 582 401 603 nibus
407 582 480 604 habitis
486 582 631 604 concinnatam
638 581 753 609 adjiciamus
761 598 767 603 .

888 1241 973 1258 ‘tanum
