4132 5766
452 601 590 724 αὐ
648 597 789 682 AR
847 592 883 682 T
940 599 979 683 U
1036 602 1108 684 M.
1328 627 1409 716 331

160 715 322 835 tngolut
336 773 350 808 ,
366 742 485 830 quem
497 717 686 802 continet
700 715 811 800 resta
825 711 988 802 tendens
1005 743 1026 800 e
1042 713 1141 802 dato
1158 710 1255 807 loeo
1270 714 1319 808 td
1338 719 1413 806 sta-

162 841 311 922 tionem
324 834 527 949 uliquam,
557 837 777 918 commen
803 831 1171 920 tendenterdSolis
1201 857 1410 928 centrum.

157 953 432 1040 invenietutie
458 947 625 1067 angulus
649 949 863 1064 dirigendo
885 949 1056 1038 alterum
1083 946 1347 1066 telelcopium
1362 951 1414 1040 nd

156 1074 369 1158 stationem
385 1073 445 1154 ita
465 1127 478 1161 ‚
508 1091 556 1154 ut
568 1067 688 1154 statio
706 1065 853 1180 ipsalit
871 1072 913 1153 in
928 1066 1215 1155 intersedione
1230 1067 1410 1161 filorum,

158 1189 336 1275 alterum
361 1188 411 1274 ad
426 1185 587 1277 solem,
614 1189 662 1274 dt
680 1187 866 1276 notando
892 1208 1180 1280 momentum,
1206 1215 1294 1300 quo
1313 1184 1416 1278 Solit

153 1306 306 1392 limbus
322 1305 547 1420 praecedens
565 1301 739 1420 appellit
755 1306 805 1393 ad
826 1302 941 1392 filum
970 1304 1298 1420 perpendiculare
1324 1301 1416 1418 pla·

154 1455 211 1512 no
230 1423 459 1537 quadrantis
478 1481 491 1514 ,
523 1425 569 1508 dt
588 1451 867 1517 momentum,
897 1451 981 1537 quo
995 1417 1166 1537 appellit
1182 1421 1327 1512 limbus
1356 1419 1416 1510 se·

156 1569 279 1655 quent
295 1593 316 1632 ,=
337 1541 444 1628 unde
458 1538 683 1632 innotescit
696 1563 977 1631 momentum,
1001 1569 1086 1654 quo
1114 1539 1288 1656 appellit
1317 1565 1416 1624 cen-

156 1685 293 1747 trum,
324 1663 644 1748 &exnumerm
707 1689 797 1744 uem
816 1657 1100 1774 tumdestgnat
1127 1655 1416 1772 regulamobi·

151 1775 225 1866 lis,
259 1803 465 1868 acexeo,
494 1803 615 1889 quem
629 1688 836 1889 delgnat,
869 1777 939 1864 ubi
966 1771 1232 1887 telescopium
1259 1771 1415 1872 fixum.

150 1897 197 1980 dt
217 1893 613 2008 mobilediriguntur
640 1893 814 1979 adidem
841 1892 1007 2006 aliquod
1033 1893 1275 1999 objectum,
1303 1893 1416 1978 obti-

151 2035 279 2098 netur
290 2009 459 2126 angulus
470 2009 681 2124 quaefitus,
708 2039 827 2125 quern
854 2015 968 2099 reeta
993 2007 1046 2094 ad
1077 2007 1293 2095 stationem
1326 2029 1414 2096 ten·

152 2129 251 2214 dens
266 2133 457 2214 eontinet
471 2155 567 2211 cum
579 2134 689 2214 reeta
702 2129 892 2214 tendente
906 2126 956 2211 ad
969 2147 1153 2214 centrum
1171 2128 1297 2212 Solis.

209 2258 312 2346 276.
346 2242 471 2364 Quod
485 2240 589 2331 stSol
600 2245 758 2331 incedut
771 2247 915 2330 itinere
927 2273 1010 2332 non
1026 2247 1084 2332 ita
1097 2238 1194 2330 satis
1208 2243 1407 2332 inclinato
1428 2297 1572 2357 mem„
1585 2299 1668 2373 ,onr-

148 2363 203 2451 od
219 2364 506 2450 horizontem,
535 2383 583 2448 ut
598 2361 803 2477 utriusque
813 2361 930 2450 limbi
945 2355 1133 2477 appulsus
1151 2363 1280 2450 uideri
1312 2361 1408 2472 pos·
1428 2379 1489 2438 emt
1500 2395 1669 2473 papaque.

150 2484 230 2575 lit,
264 2477 330 2564 sed
342 2476 438 2566 dum
455 2477 642 2595 assurgit,
657 2479 880 2568 elabature
900 2509 1050 2596 campo
1068 2478 1280 2596 telescopii
1298 2541 1311 2576 ,
1346 2477 1410 2567 rel
1428 2463 1669 2596 {ssfflujss'ffi'ssf

147 2620 232 2686 non
251 2597 373 2685 libeat
387 2619 600 2712 utrumque
615 2595 826 2713 appulsum
852 2603 1092 2713 erpeium
1123 2598 1215 2686 satis
1230 2601 1312 2686 etit
1335 2623 1411 2684 no·
1427 2618 1482 2690 ¹¹⁸2

145 2743 239 2804 tate
254 2715 416 2802 alteriue
435 2739 715 2805 momentum,
742 2715 956 2825 &angulo
985 2716 1046 2798 ite
1066 2712 1242 2800 definito
1268 2711 1413 2800 addere

142 2833 488 2925 semidiametrnm
498 2827 634 2923 Solis,
659 2827 726 2912 vel
751 2827 939 2918 demere,
970 2851 1294 2941 prontoenttum
1325 2827 1408 2916 res-

148 2958 276 3068 ped'tu
290 2951 372 3056 ejus
387 2945 503 3033 limbi
513 2949 688 3056 jacuerit
705 2945 754 3031 od
770 2968 904 3060 partes
921 2943 985 3030 illi
996 2945 1162 3033 stationi
1177 2943 1412 3062 oppofitas›

147 3068 218 3154 uel
234 3061 517 3150 versueillam.
547 3067 879 3154 Diameterenim
906 3092 1099 3180 appatens
1115 3063 1221 3149 Solis
1246 3060 1310 3150 vel
1338 3066 1413 3151 ob-

151 3180 305 3268 servari
320 3201 406 3264 tum
423 3177 537 3266 facile
552 3183 714 3298 potest,
740 3179 803 3267 rel
822 3178 1027 3269 satistuto
1052 3207 1105 3270 ex
1134 3181 1414 3268 astronomicis

147 3297 302 3386 tabulis
316 3299 427 3384 erui.
452 3301 503 3384 Et
515 3299 558 3383 id
571 3298 735 3412 quidem
752 3325 884 3414 prope
895 3323 1148 3414 aequatorem
1161 3299 1220 3387 est
1242 3299 1414 3386 maxime

145 3413 438 3507 trecenarium,
475 3420 546 3506 ubi
573 3417 764 3502 nimirum
777 3419 850 3504 Sol
874 3419 1046 3504 maxime
1068 3419 1121 3506 ad
1151 3417 1415 3528 horizontem

147 3539 312 3626 erectus
325 3531 517 3651 assurgit.

214 3681 317 3753 277.
349 3653 479 3741 Porro
495 3653 591 3741 data
603 3651 1212 3746 horaobservtttonismaturex
1230 3655 1413 3743 astrono·
1433 3685 1566 3746 mrum,
1585 3689 1666 3742 trite·

145 3773 274 3860 micis
288 3771 443 3858 ¹tabulis
456 3771 680 3859 declinatio
696 3771 826 3867 Solis,
856 3777 901 3860 dt
914 3803 986 3890 ptr
1003 3801 1090 3859 eam
1105 3774 1295 3860 distantia
1308 3769 1411 3858 Solia
1429 3770 1487 3900 3:¹¹2}
1502 3761 1668 3902 ζζξζὲζζζζξ

149 3889 314 4008 epolo.
347 3895 535 4004 Cumque
549 3893 591 3973 in
602 3888 809 4005 triangulo
829 3886 1024 4006 sphaetico
1056 3891 1225 3977 habente
1242 3889 1409 4008 ungulot
1431 3925 1543 3994 nigor„
1561 3917 1669 3994 paro,-

148 4013 195 4093 in
209 4007 338 4119 polo,
369 4009 412 4091 in
427 4009 563 4094 zenith
582 4065 594 4100 ‚
611 4009 653 4090 in
669 4007 788 4099 Sole,
815 4004 1043 4094 innotescat
1057 4009 1410 4124 praetereadillan·
1428 4005 1469 4136 ’ἐξ
1484 4003 1545 4058 ¹⁰⁴⁶
1569 3997 1650 4055 '‘⁴¹“

150 4127 215 4208 tia
228 4126 506 4237 poliazenith
534 4125 882 4241 complementum
909 4123 1059 4244 polaris
1081 4123 1337 4217 altitudinis,
1364 4127 1411 4210 dt
1432 4099 1621 4230 ulman·

151 4241 322 4350 angulus
336 4245 379 4326 in
392 4242 496 4360 polo
516 4245 725 4331 obhoram
739 4243 906 4328 datam:
939 4242 1238 4330 dabituretiam
1263 4243 1415 4328 disten·

154 4355 220 4440 tit
232 4357 370 4443 Solita
388 4361 550 4452 zenith,
583 4361 628 4446 δι
655 4359 820 4471 angulus
849 4355 1001 4471 inipso
1026 4359 1195 4452 zenith‚
1221 4361 1415 4446 nimitum

151 4474 384 4562 azimuthut
399 4477 526 4564 Sulis.
561 4474 714 4564 Habiti
729 4474 918 4562 distantid
933 4476 1037 4561 Solis
1058 4476 1262 4570 azenith,
1290 4472 1415 4591 elque

153 4591 376 4679 imminuti
387 4623 459 4707 per
471 4591 963 4682 refradlionemetahuliu
992 4615 1173 4686 erutum,
1205 4619 1418 4708 cumptae·

149 4729 268 4793 terea
298 4709 433 4796 haberi
463 4712 583 4826 poffit
599 4711 776 4798 elevatio
803 4706 920 4825 supra
949 4710 1208 4799 horizontem
1237 4711 1419 4800 stationis

16 4917 23 4928 ,
152 4823 408 4930 observate,
439 4827 504 4928 vel
525 4827 727 4952 'depreffio
754 4825 857 5034 inflia
885 4830 1012 4944 ipsam
1046 4887 1059 4923 2
1091 4831 1264 4918 habetur
1297 4825 1419 5032 quida

148 5007 152 5014 -
866 4971 884 5033 t
914 4975 942 5038 2
1318 4971 1389 5066 qut
