4132 5766
446 605 584 727 Q'U
642 599 693 688 Αἵ
739 603 783 688 R
840 597 972 688 TU
1032 602 1102 688 M.
1240 648 1243 658 ·
1320 626 1421 711 255.

160 743 245 812 tum
254 701 485 834 requirebat
509 714 698 808 distantia
707 719 813 806 nixa
830 716 1000 806 azenith
1025 739 1241 834 utcumque
1265 731 1409 841 cogni-

95 875 101 882 ·
154 866 225 930 ta,
252 835 437 954 adeoque,
460 839 671 932 brachium
697 838 816 924 NOV
831 866 880 926 ex
907 865 955 924 ea
979 858 1095 950 parte
1117 833 1348 954 affigebatur
1364 848 1408 930 in

156 986 268 1074 quam
318 951 556 1050 undereluo
570 958 734 1044 deberet
749 951 896 1042 deferri
914 954 1072 1050 festor,
1089 983 1135 1040 ac
1151 955 1327 1044 cochleae
1343 961 1404 1053 lF,

155 987 472 1191 IF'poitionem
494 1077 533 1160 ei
558 1071 816 1158 inclinationi
842 1067 1151 1186 respondentem
1180 1074 1401 1168 haberent,

153 1195 210 1286 ira
224 1216 361 1286 auteur
376 1214 581 1306 promotae
591 1187 740 1278 allent,
760 1211 807 1274 nt
821 1191 867 1275 de
880 1183 1030 1303 positio
1042 1191 1085 1273 in
1098 1189 1220 1304 plano
1233 1196 1409 1281 vertica-

154 1307 184 1390 li
200 1360 213 1399 ,
227 1307 462 1398 &directio
475 1307 591 1395 limbi
604 1305 835 1392 meridianae
846 1303 964 1391 lineae
987 1303 1177 1421 pamllela
1190 1330 1410 1424 utcumque

152 1425 407 1512 obtineretur
423 1427 634 1540 proxime,
663 1417 833 1510 liminur
846 1429 1055 1511 accurate.
1552 1501 1556 1508 .

6 1551 7 1558 ‘
216 1558 310 1632 128.
341 1541 446 1628 Tum
458 1563 649 1630 >termut
663 1539 807 1626 abhoc
819 1539 1025 1655 postremo
1038 1538 1245 1630 ordiamur
1260 1597 1273 1634 ,
1288 1545 1331 1630 id
1345 1573 1406 1641 ut,
1478 1611 1646 1680 cmm„

133 1687 279 1774 ‘quam
293 1659 577 1748 accuratiffime
590 1657 873 1748 obtineretur,
901 1686 978 1744 nor
989 1657 1153 1771 quidem
1166 1655 1285 1749 facile
1308 1682 1497 1778 prae-nau
1516 1689 1654 1746 „amaa

6 1837 9 1852 ·
153 1779 342 1864 stitimus,
355 1775 477 1862 dudia
489 1775 531 1855 in
545 1774 780 1888 pavimento
794 1769 866 1858 sub
883 1771 972 1886 ipso
986 1779 1141 1888 puncto
1159 1805 1238 1866 ,cx
1251 1808 1335 1893 quo
1352 1779 1409 1868 se.
1423 1761 1585 1820 masuram.

142 1899 248 1992 ἀοι
261 1891 463 2008 pendebat
476 1889 693 1977 meridiana
719 1885 826 1974 linea
836 1901 1045 1976 accurata.
1063 1891 1201 1978 Oculo
1215 1900 1361 1984 enimn
1392 1945 1410 1966 ·

151 2009 308 2126 plicato
332 2007 454 2122 supra
483 2005 650 2096 limbum
679 2002 908 2120 EE'figurae
928 2009 1069 2122 primae
1093 2011 1256 2097 circiter
1273 1927 1410 2102 verris

151 2127 223 2216 FF
223 2187 235 2221 ,
244 2123 377 2241 ipsum
390 2126 452 2212 ita
465 2127 720 2212 movebamus
731 2121 858 2216 ultro,
875 2127 912 2210 ci
920 2149 1064 2238 troque
1079 2186 1092 2222 ,
1106 2149 1154 2212 ut
1168 2125 1309 2216 oculus
1322 2131 1418 2218 col..

151 2245 362 2330 locaretur
376 2245 418 2326 in
431 2240 555 2358 plano
571 2236 796 2358 transeunte
827 2271 879 2328 er
893 2237 1023 2358 ipsum
1037 2238 1242 2336 limbum,
1271 2249 1316 2332 dt
1338 2277 1412 2362 per

153 2360 322 2476 aliquod
341 2355 541 2446 inferioris
563 2357 789 2449 meridianae
807 2271 931 2446 iineae
957 2365 1176 2477 punctum.
1208 2367 1247 2452 Si
1261 2364 1410 2454 limbus

150 2503 337 2564 accurate
350 2475 695 2564 constitutuseffet
708 2477 749 2561 in
764 2475 992 2564 directione
1011 2475 1189 2586 ejusdem
1216 2482 1411 2570 meridia·

149 2623 210 2680 nae
225 2652 239 2688 ,
252 2618 370 2682 motu
384 2591 496 2680 oculi
512 2593 656 2681 limbus
668 2589 751 2710 ipse
766 2595 809 2678 in
822 2591 1136 2682 unicamlineam
1149 2593 1321 2684 delineas
1335 2628 1413 2712 ap·

149 2711 328 2830 pellebat
342 2709 454 2800 fimul
468 2733 584 2800 totus
599 2711 649 2798 ad
662 2711 923 2798 meridianam
933 2712 1124 2806 eandem3
1149 2709 1413 2828 fiquidquarn
1512 2817 1516 2828 Δ
1644 2787 1648 2800 ,

148 2835 199 2919 ab
212 2860 261 2916 ea
273 2827 472 2944 pofitione
488 2827 722 2914 deflecteret
735 2882 748 2917 ,
762 2856 849 2913 eam
865 2833 1004 2942 optice
1014 2823 1260 2918 intesecabat
1277 2898 1286 2915 .
1301 2830 1408 2917 Tum

147 2977 250 3052 vero
262 2945 391 3032 altera
403 2975 426 3028 e
440 2944 545 3032 binis
556 2942 734 3032 cochleis
750 2945 802 3032 lF
809 2967 1004 3060 promota
1021 3004 1033 3040 ‚
1058 2943 1123 3029 vel
1137 2953 1333 3034 retracta,
1364 2970 1412 3033 ut

144 3096 210 3152 res
225 3063 378 3149 ferebat
396 3111 419 3152 ,·
438 3062 704 3150 inclinabatur
716 3061 862 3150 limbus
877 3059 960 3178 ipse
974 3105 992 3155 ·,
1019 3061 1149 3148 donec
1164 3093 1257 3148 cum
1270 3062 1410 3150 eadem

147 3179 375 3266 meridiana
391 3205 577 3266 accurate
591 3202 858 3290 congrueret.
889 3183 940 3264 Et
953 3180 1115 3294 quidem
1137 3211 1232 3266 cum
1259 3180 1408 3266 limbus

146 3293 240 3410 ipse
254 3297 458 3406 ingentem
470 3296 762 3408 inpavimento
775 3295 1127 3381 meridianaelineae
1145 3303 1319 3384 tractum
1334 3326 1421 3384 oc·¹

145 3436 352 3527 euparet,
376 3413 542 3498 minima
556 3411 737 3498 deviatio
750 3411 874 3500 fiebat
886 3413 1102 3501 admodum
1120 3411 1306 3502 senfibilis
1328 3474 1339 3506 ,
1362 3419 1409 3500 ὅτ

149 3526 334 3621 cochleae
348 3526 454 3614 illius
466 3557 546 3644 ope
563 3527 779 3616 admodum
793 3525 907 3618 facile
925 3530 1061 3618 eadem
1077 3559 1288 3620 momento
1304 3554 1406 3616 tem·

147 3649 265 3761 poris
284 3645 504 3732 tollebatur
520 3711 529 3730 .
558 3643 786 3733 solebamus
802 3670 935 3746 autem
945 3645 1051 3733 alter
1065 3649 1157 3762 post
1168 3647 1340 3736 alterum
1356 3647 1406 3730 de

148 3763 244 3879 ipso
260 3759 535 3880 parallelismo
551 3762 773 3870 judicare,
793 3766 835 3848 in
852 3762 1161 3862 sellamevedli,
1186 3787 1234 3850 ut
1248 3792 1300 3850 ex
1319 3762 1406 3850 alto

50 3981 54 3988 ,
149 3883 406 3970 commodius
419 3877 590 3966 limbum
611 3938 624 3972 ,
652 3884 698 3967 dt
713 3881 961 3970 camlineam
971 3877 1284 3996 despicercmus.

215 4027 309 4106 129.
341 4005 474 4088 Porto
492 3997 713 4084 meridiana
725 3998 830 4084 linea
842 3999 980 4084 aderat
990 3999 1191 4084 constrata
1207 4027 1405 4086 marmore
1441 4049 1651 4114 Mamm„

149 4119 194 4200 in
209 4115 398 4203 cubiculo
424 4112 552 4200 Musei
586 4114 760 4230 Collegii
779 4116 980 4207 Romani,
1011 4120 1075 4200 eui
1099 4116 1317 4204 admodum
1348 4113 1404 4202 fa·
1422 4144 1494 4184 Μ’
1509 4135 1654 4204 ‚quna-

1419 4223 1475 4260 rat:
1497 4211 1580 4263 altera
1591 4214 1636 4264 Arl

152 4231 236 4317 cile
247 4228 324 4317 fuit
336 4231 502 4318 alteram
514 4228 746 4347 parallelum
763 4229 833 4319 sub
847 4225 938 4345 ipso
953 4230 1115 4319 sectoris
1127 4229 1225 4316 loco
1239 4233 1404 4342 ducere,
1420 4287 1484 4338 ΝΜ
1496 4287 1566 4346 ἅμα,
1579 4321 1589 4350 ‚
1600 4243 1653 4364 qu}

6 4343 7 4348 Ν
149 4345 428 4461 supraquam,
459 4378 542 4462 quo
557 4349 789 4435 evidentior
801 4345 923 4437 effer,
947 4345 1058 4433 filum
1073 4349 1271 4460 nigricans
1283 4353 1405 4436 inter-
1418 4367 1539 4450 utine·x

148 4464 253 4560 diu,
285 4467 459 4555 albicans
490 4491 562 4582 per
575 4468 738 4550 nonan
751 4465 1085 4554 distendebamua,
1119 4463 1256 4549 faculis
1280 4468 1402 4550 etiam
1442 4479 1443 4482 ‘
1502 4511 1507 4516 ·

6 4581 16 4647 ³¹
148 4590 408 4700 monetent
422 4583 618 4670 admotis.
650 4582 825 4666 Arimini
842 4583 1102 4668 ine'aaedium
1117 4585 1405 4695 Garampiana·

6 4695 8 4746 ²
145 4731 239 4788 rum
250 4725 393 4818 parte,
424 4704 559 4817 inqua
582 4697 781 4786 subtecto
797 4696 1095 4795 observationes
1120 4699 1405 4786 astronomicas

6 4815 10 4934 'y
147 4815 837 4915 iuliituimua,filaremMeridianam
849 4815 996 4905 lineam
1005 4839 1187 4902 accurate
1200 4814 1406 5013 duxirsmp,

6 4963 10 4986 .
1334 4960 1358 5014 o
1378 4959 1409 5014 rs
