4178 5748
633 509 701 582 118
981 495 1021 576 0
1051 493 1082 579 P
1114 493 1152 576 U
1184 492 1207 574 S
1237 491 1274 575 C
1301 489 1397 574 UL
1426 487 1465 574 U
1495 485 1540 570 M

630 607 914 724 corrigendam
941 603 1236 722 effumpfimur,
1266 632 1349 691 non
1376 597 1906 719 topographictrnsingt'tsd'·

631 741 719 816 rum
734 725 1040 813 Provincierum
1057 722 1365 813 delineandem,
1394 749 1484 835 quae
1500 726 1656 808 viarum
1686 724 1869 807 omnium
1881 775 1898 828 ,

631 875 676 931 ec
704 841 951 934 fluviorum,
983 847 1030 930 dt
1058 845 1302 928 torrentium
1329 841 1531 931 ambitus,
1559 842 1607 924 &
1636 836 1762 926 flexus
1786 840 1901 923 exhi*

626 965 749 1052 beat,
782 962 987 1050 montium
1000 957 1180 1049 omnium
1223 953 1344 1042 oiitur
1360 977 1566 1043 accurator
1581 1012 1594 1048 ,
1612 957 1797 1044 vicorum
1815 981 1902 1042 otn-

628 1083 740 1164 nium
766 1079 909 1164 mediis
923 987 1310 1164 monriumrvatitbue
1322 1073 1555 1162 abditorum
1567 1097 1720 1162 certam
1735 1073 1895 1166 sedern,

627 1220 785 1284 certum
813 1197 995 1282 omnium
1019 1192 1269 1314 oppidorum
1296 1189 1467 1278 sormam
1495 1250 1508 1285 ,
1537 1215 1676 1276 certor
1701 1187 1799 1276 siner
1832 1221 1900 1280 ex·

625 1314 765 1400 hibeet
794 1374 803 1395 .
834 1311 888 1398 Ee
916 1309 968 1398 ed
994 1333 1228 1398 commonet
1254 1303 1540 1430 agrimensores
1568 1309 1779 1423 pertinent
1808 1363 1822 1399 ,
1854 1311 1899 1396 dt

626 1431 863 1516 diuturnum
873 1425 1093 1516 admodum
1104 1425 1289 1514 laborem
1298 1421 1525 1541 exposcunt
1542 1490 1551 1510 .
1586 1427 1627 1512 si
1643 1428 1674 1510 ii
1690 1423 1899 1538 aliquanto

627 1574 768 1634 omnes
780 1542 979 1654 ejusmodi
992 1543 1519 1634 omniumPruvinciarurn,
1550 1541 1614 1630 tel
1624 1543 1811 1630 omniurn
1835 1540 1900 1628 lo·

626 1661 800 1755 cotum,
831 1687 919 1778 qnae
934 1665 985 1746 ed
1011 1665 1171 1748 urbium
1196 1657 1436 1775 finguletum
1459 1661 1635 1746 ditiones
1660 1659 1898 1776 pertinent,

628 1807 793 1893 mappas
817 1777 1134 1882 delineavetint,
1163 1779 1277 1890 quod
1303 1774 1532 1865 incredibili
1557 1775 1730 1866 labore,
1762 1776 1809 1860 δι
1833 1778 1901 1859 in·

625 1897 812 2008 gentibus
836 1891 1020 2008 irnpenfir
1034 1889 1205 1980 Perufini
1233 1949 1245 1985 ,
1271 1891 1569 1985 bononienses,
1599 1889 1900 1980 Camerinenser

624 2011 923 2126 prestiteruntr
956 2033 1042 2096 tum
1073 2037 1276 2096 verorum
1302 2012 1345 2093 in
1360 2013 1490 2098 nostro
1505 2031 1750 2123 mapparum
1768 2007 1898 2094 multe

625 2149 766 2214 extent
782 2131 932 2242 puncta
956 2125 1245 2211 accuratissime
1257 2129 1474 2235 majoribus
1500 2127 1774 2212 instrumentis
1797 2121 1897 2210 desi·

623 2249 738 2334 nite,
770 2267 917 2328 caetere
932 2239 1047 2327 facile
1061 2243 1154 2327 inde
1173 2241 1348 2362 suppleti
1362 2265 1563 2354 poterunt
1581 2246 1627 2330 ἃ
1639 2273 1687 2328 oe
1700 2241 1788 2360 ipse
1806 2267 1900 2327 cor·

623 2364 703 2471 rigi
723 2390 734 2446 r
766 2356 897 2446 solent
913 2361 1021 2444 enirn
1035 2357 1233 2466 ejusmodi
1257 2385 1414 2474 meppae
1427 2365 1595 2474 exiguos
1610 2365 1760 2446 tractus
1781 2385 1897 2468 accu-

624 2499 711 2562 rate
725 2477 945 2567 exhibere,
975 2477 1019 2559 in
1033 2474 1326 2590 amplioribus,
1355 2503 1493 2562 errore
1510 2478 1567 2561 ob
1589 2477 1806 2563 methodos
1821 2476 1897 2560 mi-

625 2621 697 2677 nus
726 2590 950 2708 perfectae,
980 2593 1313 2680 &communium
1329 2590 1659 2705 Agrimcnsorum
1692 2588 1896 2678 inscitiam

625 2705 829 2795 crescente
858 2704 1012 2826 semper
1027 2713 1152 2826 magis
1178 2713 1220 2795 in
1234 2711 1452 2817 majoribus
1481 2711 1678 2796 distantiis
1695 2714 1737 2794 in
1753 2713 1894 2825 ingen·

626 2851 709 2912 rem
729 2825 961 2917 cumulum,
994 2855 1075 2913 non
1102 2829 1161 2913 ite
1185 2852 1327 2942 perum
1354 2829 1788 2928 aborrereeverittte.
1819 2827 1895 2914 Sed

624 2939 652 3026 si
677 2972 724 3027 ee
752 2965 967 3060 utcumque
987 2943 1286 3059 Agrimensores
1313 2943 1573 3058 perstiterint
1601 2945 1801 3059 quidquid
1826 2947 1893 3028 bie

625 3061 731 3146 deest
755 3061 795 3142 in
820 3088 871 3146 eo
896 3087 1069 3179 genere,
1099 3057 1192 3147 inde
1217 3061 1391 3147 derivari
1422 3064 1608 3176 poterit,
1638 3065 1685 3146 sic
1702 3085 1896 3178 topogra·

543 3217 547 3226 ·
622 3176 962 3292 phicarumetiarn
975 3174 1892 3296 mapparumheberisatiraccuretecolsedtio.

395 3307 604 3404 &reddisne
681 3321 781 3380 211.
839 3295 996 3381 Interea
1022 3300 1125 3381 utin
1153 3296 1226 3380 huc
1242 3298 1365 3402 etiem
1390 3321 1566 3410 mappa,
1592 3316 1679 3412 quet
1709 3323 1893 3380 unacum

372 3387 604 3522 2}ss[¹²'‘¹⁶‘¹‘¹¹‘
621 3410 696 3496 huc
715 3406 940 3497 nostrorum
957 3405 1505 3529 opusculorum'collettione
1518 3415 1734 3528 prodibit,
1763 3439 1892 3525 quun-

623 3549 712 3614 tum
739 3524 827 3613 fieri
854 3525 984 3642 posset
1003 3530 1111 3614 eoin
1134 3555 1280 3644 genere
1309 3551 1495 3614 accurate
1521 3533 1895 3622 constituerentur,

621 3673 698 3758 pro
714 3645 762 3728 iis
776 3645 985 3736 omnibus,
1015 3643 1493 3765 quaeenobisobservata
1507 3675 1591 3735 uon
1605 3643 1726 3742 sunt,
1757 3651 1896 3732 omnia

621 3786 912 3852 monumenta,
943 3791 1032 3878 quae
1043 3763 1195 3852 licuit,
1226 3757 1452 3879 conquisitu¹
1476 3764 1694 3884 diligenter
1711 3765 1891 3852 contuli·

621 3905 706 3964 mus
724 3881 830 3964 inter
845 3879 883 3963 se
901 3937 913 3974 ‚
942 3911 1115 3994 quorum
1129 3881 1280 3968 ibidem
1305 3881 1514 3968 tutionem
1531 3881 1706 3998 aliquem
1723 3883 1892 3986 Meiriur

577 4041 580 4048 ’
615 3995 866 4081 exhibebit.
896 4003 1093 4087 Praeteree
1121 4021 1217 4084 toto
1243 3997 1321 4082 hoc
1347 3993 1509 4112 reliquo
1540 4002 1707 4090 biennio
1739 4061 1752 4096 ,
1781 4001 1893 4114 quod

617 4108 880 4226 ipsecalculir
896 4111 1010 4201 dedit
1024 4114 1322 4232 propemodum
1348 4109 1548 4211 infinitis,
1576 4147 1625 4206 ae
1650 4119 1892 4206 delineatio·

618 4231 660 4312 ni
674 4229 1000 4323 accuratissime,
1029 4231 1220 4350 plurimas
1235 4231 1550 4346 quaquaversum
1573 4238 1758 4326 dedimus
1781 4235 1897 4322 litte·'

619 4375 682 4430 rer
697 4405 708 4437 ‚
723 4371 770 4430 ut
784 4345 984 4438 faciliores
994 4347 1185 4467 quasdem
1198 4351 1430 4438 haberentur
1440 4351 1774 4451 observationes,
1801 4377 1887 4466 quae

617 4465 1225 4576 expunctisenobirdefinitim
1257 4468 1779 4589 circumjacentiequaedem
1799 4467 1889 4558 loce

619 4577 859 4668 definirent.
886 4585 1373 4674 sinimiruinineditiore
1401 4583 1701 4706 iocoirnposttt
1730 4587 1886 4678 tebcilre

620 4693 836 4786 adsensum
863 4701 1111 4790 horizontesi
1140 4707 1306 4796 charte,
1341 4703 1606 4817 dirigeturtd
1622 4707 1734 4796 vicos
1750 4709 1888 4826 prori-

503 4925 511 4944 .
623 4839 709 4904 mos
735 4816 913 4934 quosque
940 4821 1218 4939 regultutulo
1242 4821 1406 4934 judice,
1437 4827 1581 4932 utiubi
1608 4822 1796 4944 sclopeto
1813 4829 1886 4911 in.»

1777 4973 1886 5038 avem
