4156 5752
479 629 614 748 QU
675 627 714 710 A
773 629 816 716 R
873 627 911 714 T
968 628 1007 714 U
1066 629 1135 716 M.
1341 651 1429 740 ,ης

163 754 219 837 di
231 763 386 868 partem
403 771 480 860 pro
494 771 648 834 errore.
676 745 735 828 At
747 743 849 832 illud
864 745 1073 834 accidebat
1082 749 1255 831 maxime
1279 747 1439 832 incoro-

163 869 343 954 -modum
361 921 373 953 ,
399 861 511 976 quod
528 866 717 948 nimirum
731 860 888 950 tabellae
906 862 994 950 aliae
1009 866 1098 981 post
1114 859 1209 948 alias
1223 860 1434 951 collocan-

173 987 232 1070 dae
246 1007 362 1072 erant
377 1041 389 1074 ‚
404 988 449 1068 ὅ(
462 981 511 1066 ad
525 980 662 1070 locum
677 977 748 1067 fibi
764 980 944 1068 debitum
961 981 1232 1071 deducendae,
1260 982 1373 1092 quod
1386 987 1433 1070 dt

162 1105 409 1192 diuturnum
441 1122 635 1215 tempus,
663 1103 709 1186 dt
736 1097 914 1186 laborem
939 1098 1029 1186 sane
1055 1097 1266 1188 molestum
1299 1101 1433 1216 requi·

169 1227 307 1310 rebat.

237 1369 305 1449 94.
337 1339 383 1419 Ei
400 1353 560 1452 'quoque
572 1334 685 1421 malo
699 1339 916 1423 remedium
933 1337 1013 1423 boc
1027 1340 1150 1452 pado
1168 1334 1332 1424 allatum
1348 1334 1427 1424 est.
1464 1361 1522 1416 arr,
1537 1359 1670 1418 mern„

176 1460 350 1546 Circind
363 1453 474 1539 fideli
490 1451 683 1565 uffumpta
694 1455 749 1540 est
765 1484 855 1570 pars
869 1460 1052 1568 proxime
1066 1454 1251 1568 vigelima
1268 1459 1401 1572 prima
1417 1510 1428 1544 ,
1447 1441 1673 1572 mdffussmlffl

176 1579 220 1662 ὃ(
235 1569 393 1661 tabellae
409 1566 608 1684 dispofitac
622 1569 672 1654 ad
692 1599 778 1656 eam
793 1573 842 1656 ad
856 1570 1008 1658 sensum
1022 1572 1249 1658 distantiam
1275 1603 1297 1656 a
1316 1570 1354 1658 le
1367 1575 1430 1656 in·
1447 1537 1684 1668 immunera..

177 1696 336 1783 ricem,
358 1716 476 1802 quarn
490 1681 687 1792 ejusmodi
711 1687 964 1776 intervallum
980 1691 1235 1802 requirebat,
1252 1693 1296 1775 dr
1318 1687 1434 1776 filum

180 1831 301 1894 tenue
321 1805 588 1890 tradudiuma
610 1827 752 1890 centro
780 1813 807 1894 S
819 1807 869 1890 ad
896 1808 1072 1891 medium
1088 1802 1246 1892 laminae
1271 1806 1433 1893 mobilia

177 1923 281 2013 EE‘.
313 1923 414 2008 Tum
429 1919 633 2036 applicata
656 1924 798 2009 circini
811 1920 975 2037 cuspide
987 1921 1111 2010 altera
1123 1926 1232 2011 inS,
1270 1922 1433 2010 alterius
1535 2019 1543 2034 .

175 2073 257 2157 ope
271 2060 505 2128 excavatum
520 2039 576 2122 est
590 2037 850 2126 tenuiffimum
864 2038 1147 2126 foraminulum
1175 2041 1217 2122 in
1232 2041 1361 2152 prima
1373 2065 1433 2126 ta·

161 2159 286 2278 3bella
300 2162 344 2240 in
357 2159 398 2240 D
410 2153 483 2240 sub
495 2151 585 2269 ipso
595 2152 668 2243 filo
680 2188 693 2251 ς
706 2157 874 2250 deinde,
892 2161 1025 2272 prima
1038 2152 1202 2271 cuspide
1214 2155 1434 2244 immiffain

180 2277 291 2360 idem
301 2271 582 2358 foraminulum
598 2329 610 2366 ,
624 2299 862 2361 excavatum
871 2276 927 2360 est
940 2272 1223 2362 foraminulum
1237 2271 1435 2382 ejusmodi

182 2389 410 2477 infecunda
433 2390 607 2484 tabella,
631 2397 749 2480 &ita
759 2421 887 2508 porro
901 2390 1020 2506 usque
1041 2391 1094 2476 ad
1115 2393 1353 2506 postremam
1377 2417 1438 2480 ta-

188 2509 361 2596 bellam.
378 2511 429 2592 lis
441 2510 628 2621 praestitit
646 2567 657 2600 ,
671 2513 781 2627 prius
793 2538 902 2596 unae
914 2512 1095 2626 partibus
1107 2507 1437 2625 aequalibuscom·

183 2625 497 2740 parataeiicurn
511 2629 724 2716 intervallo
739 2625 899 2714 illarum
919 2657 974 2738 30
987 2632 1164 2740 partium
1178 2626 1332 2712 laminae
1345 2655 1436 2710 mo·

176 2742 272 2832 bilis
290 2803 302 2836 ‚
320 2771 365 2828 ac
382 2747 580 2858 postrema
591 2773 683 2861 pars
695 2743 898 2860 inaequalis
912 2773 1005 2830 curn
1019 2773 1064 2826 ea
1081 2776 1094 2838 ς
1114 2737 1234 2855 atque
1249 2745 1289 2826 id
1306 2737 1435 2852 ipsum

175 2861 333 2976 duplici
348 2861 545 2948 methodo
564 2929 573 2948 .

241 3002 309 3083 95.
343 2981 482 3065 Primo
496 2978 657 3094 quidem
671 2978 946 3097 ipsrus'circini
961 2975 1093 3093 cuspis
1105 2978 1226 3066 altera
1248 2973 1437 3063 infixaest
1454 3013 1628 3090 empna,
1647 3018 1686 3072 ,1-

177 3092 300 3182 alteri
325 3118 511 3182 extremo
539 3099 622 3205 ejus
636 3096 838 3184 intervalli
859 3153 871 3186 ,
907 3095 1092 3182 &altera
1120 3091 1284 3207 cuspide
1298 3115 1440 3178 notata
1454 3097 1523 3228 *μ’
1539 3093 1685 3206 r²t⁸⁵⁸f⁰·

180 3209 409 3295 tenuiffima
423 3209 574 3295 lineola
586 3216 628 3294 in
644 3215 791 3299 lamina
809 3213 949 3301 mobili
965 3271 977 3304 ,
993 3242 1038 3298 ac
1051 3213 1237 3299 distantia
1251 3210 1364 3317 hujus
1390 3209 1440 3295 li·
1456 3189 1686 3305 ,fnlfss‘i'llell

176 3321 309 3410 neolae
338 3327 388 3412 ab
404 3347 590 3413 extremo
605 3327 736 3420 altero
762 3329 964 3417 intervalli
988 3327 1162 3437 ejusdem
1188 3351 1309 3442 capta
1323 3357 1434 3415 more
1454 3329 1526 3461 ⁸:⁸¹3
1536 3345 1585 3460 Ὺ
1595 3327 1681 3400 ³⁰2¹¹·

180 3441 327 3537 solito,
342 3444 624 3558 promovendo
640 3446 827 3532 laminam
842 3447 1060 3534 mobilem:
1073 3447 1217 3534 ultima
1232 3471 1328 3532 vero
1341 3472 1434 3557 part
1450 3424 1464 3462 ⁶
1478 3423 1552 3464 ”³¹
1574 3439 1584 3461 ⁶

176 3559 388 3673 inaequalis
415 3560 632 3675 diligenter
661 3587 780 3680 capta
806 3566 949 3650 eodem
976 3567 1160 3656 circino,
1188 3567 1233 3651 δι
1264 3558 1433 3647 transla-

177 3703 225 3766 ta
248 3677 389 3765 itidem
420 3683 463 3762 in
482 3678 677 3767 lamellam
705 3681 899 3769 mobilem
924 3709 973 3768 ex
986 3684 1130 3769 eodem
1154 3678 1278 3767 loco,
1302 3708 1348 3764 ac
1372 3679 1434 3761 in-

173 3820 298 3885 venta
310 3797 497 3884 distantia
509 3799 694 3884 binarum
708 3797 947 3884 lineolarum
961 3823 1193 3887 notatarum
1209 3857 1220 3891 ,
1235 3819 1283 3884 ut
1294 3795 1429 3909 prius.

176 3915 334 4000 Deinde
362 3945 441 4031 pro
463 3918 587 4001 unico
616 3920 726 4003 vitro
748 3916 929 4002 adhibita
954 3915 1043 4006 sunt
1067 3921 1159 4004 bina
1184 3915 1436 4031 agglutinata

177 4059 258 4144 ope
281 4061 380 4118 cerae
407 4033 585 4146 longiori
614 4030 827 4147 perforatae
854 4035 1151 4122 aurichalchicae
1171 4033 1354 4124 laminae,
1385 4033 1435 4116 de

179 4175 258 4259 qua
272 4153 426 4235 mentio
440 4147 617 4263 superius
631 4153 775 4259 injecta
788 4153 863 4248 est,
887 4155 1031 4268 &quae
1044 4154 1186 4238 circini
1211 4152 1358 4238 muniti
1373 4152 1434 4236 vi-

182 4283 249 4347 tro
264 4265 404 4353 mobili
420 4269 485 4354 ,δε
498 4267 764 4362 micrometro
778 4273 885 4357 vices
898 4266 1057 4384 supplet
1071 4294 1289 4385 utcumque
1305 4337 1313 4354 .
1332 4267 1434 4356 Turn

179 4376 377 4486 ejusmodi
391 4384 654 4472 instrumento
681 4389 783 4474 binis
798 4389 990 4502 proximis
1018 4386 1177 4473 tabellis
1195 4387 1433 4504 applicato,

179 4497 328 4584 lamina
341 4502 480 4589 altera,
494 4506 533 4586 vi
546 4502 740 4594 adhibiti,
753 4507 801 4614 ad
820 4504 984 4588 alteram
1000 4505 1286 4597 adducebatur,
1302 4506 1433 4590 donec

181 4615 368 4705 distantia
393 4619 577 4707 binarum
608 4624 802 4709 linearum
819 4625 867 4710 iis
893 4620 1178 4739 insculptarum
1191 4644 1433 4710 accurate-r

171 4741 402 4850 'aequaretur
420 4740 486 4822 uni
500 4769 522 4823 e
535 4749 716 4855 partibus
731 4743 971 4854 aequalibus,
1002 4768 1048 4826 ac
1062 4743 1253 4830 transsato
1267 4742 1308 4821 in
1321 4735 1435 4820 lami·

178 4879 266 4941 nam
287 4855 483 4947 mobilem
514 4861 772 4950 instrumento
791 4859 1073 4949 conferebatur
1102 4887 1193 4944 cum
1221 4850 1462 4952 intervallo,
