4178 5748
531 533 564 616 Ρ
622 531 663 614 R
723 530 743 614 I
801 529 848 614 Μ
905 530 945 614 U
1004 529 1075 614 M.
1382 559 1437 630 71

180 655 255 746 be,
285 650 330 734 in
344 649 502 737 unicam
514 645 755 742 videbantur
768 642 1021 735 coalescere,
1052 669 1140 758 quac
1154 644 1237 762 ipsa
1251 675 1343 735 cum
1358 673 1461 752 ter·¹

183 774 240 856 tia
252 772 314 858 ita
329 769 548 882 apparebat
565 819 577 854 ,
595 793 643 852 ac
655 761 684 846 fi
698 767 790 852 bini
800 761 921 850 essent
943 764 1116 877 ingentis
1141 767 1296 852 arboris
1311 764 1442 854 diter·

175 908 316 1002 gentes
334 887 433 970 rami
448 883 599 997 ,quod
614 883 685 969 ubi
700 913 751 969 eo
765 883 994 972 devenimus
1008 942 1021 975 ‚
1036 879 1323 995 deprehensum
1337 879 1442 979 sero,

177 999 381 1088 mensuras
397 1001 515 1091 initas
530 1008 666 1118 primo
679 1001 758 1086 hoc
771 1029 877 1092 anno
897 1001 1076 1086 turbavit
1089 996 1334 1112 plurimum.
1355 1004 1444 1086 Ro·

180 1147 367 1232 gaveram
393 1115 538 1210 itidem
550 1121 723 1206 amicum
739 1151 811 1238 per
833 1118 1017 1208 litteras,
1045 1118 1143 1202 utin
1156 1111 1246 1231 ipfis
1257 1120 1439 1207 Catriae,

178 1239 224 1326 δι
238 1239 465 1350 Carpegnac
481 1235 702 1326 verticibus
720 1241 882 1354 tuguria
909 1239 1039 1324 extrui
1052 1259 1239 1348 curaret,
1255 1261 1301 1318 ac
1314 1235 1366 1319 ad
1379 1262 1443 1318 re·

177 1347 390 1464 liquorum
416 1357 673 1470 tuguriorum
699 1357 997 1472 reparationem
1024 1410 1036 1447 ‚
1079 1349 1199 1467 plura
1234 1354 1342 1437 enim
1367 1379 1442 1464 per

178 1465 365 1581 hyemem
395 1467 637 1560 labefactata
651 1469 834 1568 fuerant,
858 1474 1134 1590 proximarum
1159 1471 1345 1560 urbium,
1376 1465 1442 1554 vel

176 1610 383 1698 pagorum
406 1587 621 1682 nanno,
647 1621 721 1708 per
747 1591 905 1686 litteras
934 1589 1239 1674 excitaveram.
1284 1585 1442 1787 Qffuibus

177 1703 371 1812 peractis,
386 1699 587 1818 sperabam
601 1707 787 1820 equidem
800 1709 883 1813 ejus
898 1705 990 1789 anni
1003 1727 1227 1794 autumno,
1250 1733 1307 1819 po
1339 1727 1442 1786 ean·

180 1813 303 1927 gulos
319 1847 457 1906 omnes
469 1821 658 1938 poligoni
675 1821 837 1910 definiri
852 1821 1080 1905 Ariminum
1093 1815 1214 1932 usque
1230 1885 1240 1904 .

245 1958 341 2042 131.
371 1939 760 2054 Primum‚igicur,ut
770 1934 958 2054 poligoni
972 1932 1213 2048 angulorum
1224 1929 1443 2022 mensuram
1469 1984 1546 2056 sm·
1563 1982 1591 2038 1„
1602 1997 1689 2036 m.

177 2047 491 2160 aggrederemur
515 2057 559 2138 in
585 2058 690 2144 binis
714 2055 905 2142 extremis
933 2053 1129 2138 Romanae
1152 2043 1276 2145 baiis,
1301 2049 1501 2164 sigum·¹¹¹⁸
1521 2061 1688 2134 annau.

177 2162 352 2254 excitari
375 2174 601 2268 curavimus
616 2235 627 2262 ,
642 2197 731 2288 quae
747 2169 971 2282 aJanuario
994 2191 1135 2254 monte
1150 2163 1360 2282 plusquam
1386 2143 1539 2268 subm·-

175 2279 355 2395 passuum
373 2283 551 2373 millibus
567 2286 733 2374 distante
746 2287 874 2374 videri
889 2281 1162 2404 posseanae
1174 2283 1336 2398 quidem
1349 2310 1466 2377 curn,

86 2492 91 2512 ἱ
175 2425 229 2484 ex
243 2395 421 2490 editiore
456 2401 556 2492 loco
575 2407 715 2518 optice
738 2403 924 2518 proiec⁰ta
947 2404 988 2486 in
1005 2397 1169 2488 humum
1185 2399 1314 2486 videri
1328 2398 1448 2486 debe·

178 2530 303 2606 rent,
337 2519 588 2606 aliaratione
613 2519 877 2609 construenda
900 2538 1038 2604 erant.
1065 2516 1161 2601 Tria
1179 2520 1367 2602 nimirum
1394 2517 1447 2600 ti·
1532 2517 1545 2530 “

178 2657 260 2744 gna
275 2631 462 2722 crassiora
474 2637 574 2751 erigi
592 2640 817 2724 curavimus
844 2637 903 2720 ita
916 2689 942 2725 ,·
955 2653 1003 2718 ut
1015 2637 1134 2720 redbae
1150 2630 1292 2726 lineae,
1320 2659 1448 2744 quaea

173 2745 316 2834 medio
330 2751 381 2834 ad
398 2772 580 2839 extrema
594 2753 813 2842 tendebant
826 2807 839 2844 ,
852 2756 1009 2838 redium
1029 2745 1217 2864 angulum
1228 2747 1447 2836 constitue·

173 2884 269 2949 rent
284 2919 296 2954 ,
314 2864 447 2954 altero
461 2866 587 2957 latere
601 2871 867 2964 ditedsionem
881 2865 979 2956 basis
991 2862 1169 2956 servante
1184 2865 1335 2956 ,altero
1346 2885 1447 2950 vero

173 2973 251 3177 {pli
279 2983 606 3095 perpendiculari
625 2980 866 3073 adsensum.
897 2988 1046 3070 Eorum
1057 2983 1224 3074 vertices
1251 2975 1471 3068 transter-r

204 3097 358 3208 stignis
373 3103 658 3193 comunimus,
685 3126 775 3187 tum
803 3099 985 3187 craffiore
1008 3090 1447 3184 cannabinatelacalce

174 3209 291 3293 illita
302 3215 414 3301 binas
438 3213 526 3300 illas
541 3213 851 3303 faciesamedio
866 3217 985 3328 tigno
1002 3214 1052 3298 ad
1078 3233 1257 3300 extrema
1268 3211 1444 3299 obduxi·
1484 3219 1487 3226 '

173 3355 294 3412 mus.
327 3331 378 3412 Et
400 3331 581 3444 primum
609 3329 772 3444 quidem
789 3335 832 3422 in
857 3329 942 3445 ipsa
967 3328 1119 3416 summa
1143 3322 1340 3442 sepulchri
1352 3331 1442 3414 Me·

176 3441 286 3528 cellae
313 3446 421 3530 mole
447 3448 755 3536 constituimus,
786 3473 914 3562 prope
940 3473 1148 3532 murorum
1162 3445 1325 3559 pinnas,
1350 3471 1444 3556 quae.

175 3556 446 3680 inscriptioni
461 3565 686 3657 imminent,
703 3591 798 3650 eum
813 3561 990 3652 subiesto
1004 3561 1148 3648 altiore
1160 3559 1360 3652 tabulato,
1375 3561 1443 3648 ubi

174 3675 375 3792 possemus
393 3709 487 3765 cum
500 3681 654 3792 ingenti
667 3683 888 3796 quadrante
901 3674 1136 3771 confisteret
1162 3677 1268 3764 unde
1282 3672 1447 3792 prospe-

182 3797 271 3879 dius
297 3800 341 3880 in
368 3793 542 3882 alterum
570 3791 667 3884 bafia
694 3817 819 3914 caput
850 3818 1010 3911 pateret
1031 3853 1054 3903 ,¹
1070 3798 1117 3880 dc
1146 3796 1190 3879 in
1213 3794 1445 3905 Januarium

176 3935 385 4009 montem;
417 3913 633 4000 secundum
651 3937 786 4002 autem
800 3917 842 4000 in
860 3911 1022 4002 tumulo
1044 3909 1117 4028 ipsa
1131 3911 1246 4000 alteri
1261 3905 1359 4003 basrs
1375 3939 1445 3995 ca·

174 4029 254 4139 piti
273 4031 493 4144 proximo.
523 4029 677 4118 Eodem
690 4057 826 4130 autem
839 4034 931 4122 dic,
959 4027 1184 4146 &angulos
1200 4029 1249 4114 ad
1267 4030 1444 4145 primum

175 4141 274 4232 basrs
286 4174 412 4261 caput
428 4151 753 4237 determinandos
767 4147 1021 4267 suscepimus,
1036 4178 1119 4263 quo
1133 4145 1197 4235 die
1213 4173 1356 4260 parum
1372 4143 1468 4230 ab,

175 4255 664 4380 fuit,quin&quadrans
680 4327 690 4358 ,
706 4271 777 4354 ubi
791 4271 967 4385 primum
982 4268 1164 4354 adhiberi
1175 4281 1347 4378 caeperat
1362 4257 1441 4347 dif-

179 4369 445 4494 fringeretur,
477 4389 524 4472 dc
550 4414 623 4473 nos
650 4379 828 4499 ipficum
844 4388 891 4472 iis
912 4388 1095 4474 murariis
1114 4381 1265 4473 fabris,
1295 4381 1442 4499 quita·

179 4490 366 4584 bulatum
382 4503 716 4610 construxerant,
744 4507 984 4618 periremus.
1414 4525 1421 4536 '

246 4643 343 4729 132.
373 4619 483 4708 Tota
510 4621 699 4708 nimirum
727 4619 854 4710 moles
881 4627 982 4712 binis
1008 4622 1187 4710 trabibus
1221 4611 1432 4703 horizonti
1439 4690 1459 4746 ss
1486 4613 1581 4748 Ὗ*
1602 4619 1684 4749 ξω*

173 4735 378 4847 parallelis
392 4740 673 4834 innitebatur,
703 4731 871 4854 quarum
888 4739 1014 4832 altera
1034 4743 1117 4850 jam
1140 4734 1242 4824 olim
1266 4727 1347 4816 sere
1356 4711 1685 4870 pe·,lss}r,ldb'f“'

583 4894 587 4902 ’
1328 4875 1435 4941 ustus
