4256 5730
187 687 274 752 tet,
305 655 527 747 admodum
541 655 658 744 facile
674 653 822 744 deduci
835 651 937 744 iliad
953 716 965 751 ,
998 679 1103 772 quot
1116 654 1261 772 gradus
1277 711 1289 748 ,
1314 658 1359 744 &
1372 571 1449 744 nsi-

186 803 280 866 mrta
299 780 369 866 uni
382 775 520 862 medio
532 775 674 890 gradui
688 773 934 864 debeantur.
1045 773 1047 778 ’

240 909 311 996 70.
374 901 505 984 Porro
518 895 602 980 haec
614 894 868 1010 investigatio
881 895 1076 986 distantiae
1088 891 1209 985 'stella
1220 889 1444 1010 cujuspiam
1477 936 1525 984 a„
1536 933 1605 985 mn
1616 953 1696 993 nm

186 1012 359 1106 azenith
385 1016 443 1098 ita
456 1014 553 1100 inre
570 1007 757 1134 praesenti
780 1013 1053 1102 delicatam,
1079 1037 1125 1098 ut
1138 1013 1309 1101 omnino
1325 1041 1448 1124 opor·
1467 1009 1635 1142 ’ΨΜ
1654 1009 1699 1066 “⁴

93 1231 97 1238 ¹
185 1135 427 1224 maeonius,
456 1157 525 1218 aut
542 1130 594 1216 ad
607 1125 803 1226 summum
818 1131 979 1220 alterius
993 1135 1139 1216 minuti
1154 1126 1448 1220 secundierro-
1463 1105 1692 1240 {iidssmfffu

184 1283 269 1340 rem
294 1255 471 1340 evitare.
497 1249 586 1334 Ubi
598 1252 706 1336 enim
730 1254 845 1338 unius
859 1251 1148 1339 tantummodo
1174 1245 1321 1364 gradus
1336 1275 1449 1332 men·
1714 1263 1720 1272 '

184 1369 271 1458 sora
289 1367 514 1482 geodaetica
529 1365 725 1456 habetur,
748 1389 868 1488 atque
883 1365 1176 1460 astronomica,
1205 1361 1449 1478 singulorum

184 1485 450 1576 secundorum
474 1485 723 1574 minutorum
738 1513 889 1573 errores
915 1514 1095 1572 errorem
1111 1481 1306 1572 sexdecim
1333 1484 1453 1568 circi·

187 1619 251 1694 ter
274 1603 567 1716 hexapedarum·
589 1597 722 1696 seeum
741 1605 930 1692 trahunt,
963 1605 1001 1688 Is
1022 1604 1188 1716 quidem
1201 1628 1341 1690 error,
1369 1629 1455 1715 quo
1567 1701 1568 1704 p

186 1721 329 1840 plures
344 1715 419 1805 uni
434 1713 612 1810 mensuri
625 1719 769 1832 gradus
784 1718 1125 1834 complenimur,
1160 1749 1213 1806 eo
1229 1722 1384 1831 magis,
1413 1716 1455 1800 in

185 1869 259 1928 eos
275 1839 468 1930 nimirum
491 1861 628 1922 omnes
652 1836 920 1928 distributus,
951 1836 1173 1935 decrescit3
1205 1837 1456 1954 aequoniam

188 1984 340 2070 paucos
365 1955 583 2048 admodum
597 1953 697 2042 licet
711 1957 816 2044 inter
843 1951 881 2047 se
897 1953 1043 2068 gradus
1066 1957 1339 2074 conjungere,
1371 1975 1461 2037 tum

187 2073 429 2190 plerumque
443 2075 500 2158 ob
511 2069 699 2162 locorum
723 2094 936 2188 namnam,
969 2093 1015 2158 ut
1031 2070 1094 2164 hic
1111 2069 1218 2184 apud
1234 2097 1334 2160 nos,
1371 2089 1460 2154 tum

188 2194 317 2278 etiarn
332 2191 507 2305 ubique,
540 2215 589 2272 ne
604 2192 840 2276 remotiores
861 2193 910 2275 ab
930 2186 1020 2302 ipso
1039 2189 1176 2284 zenith
1190 2186 1458 2278 adhibeantur

189 2305 340 2400 stellae,
367 2335 533 2418 quarum
560 2303 751 2394 resradiio
769 2307 899 2398 minus
913 2327 1053 2400 certa,
1080 2334 1233 2397 novum
1260 2299 1458 2416 possrter·

188 2453 326 2512 rorem
342 2424 555 2514 inducere;
587 2421 689 2510 illud
706 2427 873 2511 omnino
887 2425 1109 2518 curandum
1123 2423 1178 2508 est
1192 2417 1271 2506 sem
1326 2452 1373 2512 r,
1405 2421 1455 2502 ne

188 2542 232 2624 in
245 2541 524 2636 astronomicis
545 2539 894 2636 observationibus
920 2543 1070 2633 nnius,
1103 2539 1240 2634 autad
1277 2562 1455 2650 nmmum

188 2655 357 2753 asterius
370 2659 514 2751 minuti
531 2655 694 2750 secundi
709 2689 820 2754 error
834 2661 1041 2746 committi
1055 2655 1173 2780 possit
1189 2724 1198 2741 .

252 2803 325 2884 71.
389 2778 641 2871 Hincautem
666 2776 768 2870 illud
782 2773 988 2860 manifesto
1002 2771 1285 2896 consequitur,
1315 2768 1455 2856 instru-
1479 2827 1604 2890 sm
1621 2828 1706 2888 idm,

187 2917 375 2980 mentum
404 2893 551 2977 adeam
577 2894 842 2980 adhibendum
865 2921 976 2986 rem,
1008 2894 1214 2986 debere&
1237 2883 1457 2982 multoesi'e
1474 2909 1590 3001 renarras
1623 2909 1705 3002 ..ur

186 3009 383 3124 longius,
408 3039 527 3129 quam
540 3039 770 3108 communes
785 3011 936 3123 integri
947 3009 1184 3120 quadrantes
1198 3004 1273 3092 esse
1288 3003 1455 3096 soleant,
1475 2983 1655 3139 ξῖῗξᾞζξξξ*
1674 3002 1705 3040 ““

185 3159 232 3214 ac
256 3130 384 3212 etiarn
412 3121 585 3244 possim,
618 3131 663 3214 ,δι
682 3127 805 3234 longe
829 3123 1189 3214 accuratiffimum.
1221 3122 1269 3212 Id
1295 3118 1459 3239 quidem
1582 3119 1597 3148 ’“

184 3245 505 3332 instrumentum
523 3295 534 3330 ‚
568 3241 679 3351 quod
695 3239 745 3322 ad
760 3235 916 3354 aliquot
931 3237 1215 3332 tantummodo
1228 3237 1372 3350 gradus
1390 3235 1461 3321 de·

187 3355 472 3452 terminandos
498 3356 678 3451 adhiberi
705 3354 876 3444 debeat,
905 3380 1041 3438 arcum
1059 3351 1202 3438 circuli
1227 3357 1454 3471 quendam,

191 3502 419 3597 paucorum
432 3474 628 3584 graduum
641 3472 783 3576 habpre
796 3467 903 3564 soset
919 3529 931 3564 ,
957 3491 1077 3584 quam
1092 3473 1149 3555 ob
1159 3469 1315 3562 causam
1329 3468 1459 3558 senor

194 3588 455 3706 appellatur.
487 3591 623 3686 Potest
648 3589 959 3684 remendare&
974 3587 1077 3672 linea
1100 3615 1180 3703 pro
1202 3585 1388 3678 circulari
1401 3619 1459 3676 ar·

195 3738 248 3797 cu
261 3707 443 3806 adhiberi
459 3767 471 3801 ‚
496 3731 540 3802 ut
555 3739 633 3822 ego
649 3706 813 3790 adhibui
829 3760 840 3795 ‚
871 3735 953 3818 quo
967 3699 1059 3798 casu
1074 3705 1202 3796 crucis
1215 3697 1384 3821 figuram
1395 3739 1458 3796 re.

197 3825 301 3918 seret
323 3827 489 3940 potius,
521 3820 845 3937 quamsediorim
875 3852 1009 3910 verum
1038 3815 1461 3942 sodimisnomineap-

196 3941 464 4059 pellabimus‚
496 3940 778 4054 cujuscumque
792 3938 930 4054 figurae
943 3935 989 4024 sit
1012 3939 1313 4031 instrumentum
1327 3939 1457 4035 illud,

198 4060 309 4266 pluod
324 4055 488 4196 septaris
514 4065 602 4156 vice
629 4057 740 4178 fungi
757 4059 908 4186 possit,
940 4061 985 4154 ὃς
1009 4087 1080 4148 eos
1104 4064 1269 4184 exiguos
1296 4057 1460 4172 angulos
1563 4089 1564 4092 ‘

202 4201 406 4274 „imetrrm
708 4219 713 4226 ·
1350 4204 1352 4208 ’

265 4325 330 4391 72.
390 4294 487 4384 Tres
507 4302 639 4503 ipitur
669 4297 994 4392 nobiscommisii
1018 4301 1188 4388 muneris
1207 4317 1367 4412 partes,
1398 4301 1462 4384 di·
1494 4289 1713 4434 [ww

203 4413 352 4500 menfio
368 4411 465 4514 basis
486 4477 497 4511 ,
540 4420 639 4512 eries
653 4415 946 4530 ¹triangolnrum
961 4418 1148 4537 poligoni
1163 4472 1176 4510 ,
1191 4417 1386 4512 distantiae
1398 4421 1461 4508 Fi.
1484 4437 1706 4534 determinatione

205 4559 347 4622 narum
364 4538 562 4636 azenith,
594 4532 661 4622 sua
686 4562 851 4650 quaeque
878 4537 1137 4626 instrumenta
1160 4532 1460 4652 exposcebant,
1484 4513 1713 4660 ffigssssssssl

180 4763 183 4766 Ι
204 4678 379 4857 quonam
399 4649 543 4768 fingula
569 4657 612 4740 in
626 4651 715 4769 ipso
730 4656 1004 4771 expeditionis
1020 4653 1274 4770 suscipiendae
1290 4653 1463 4746 exordio
1486 4671 1714 4730 neumenia.

200 4797 321 4894 paron
353 4794 523 4862 nerant.

873 4889 958 4976 E2
1313 4849 1383 5014 7¹3.
1415 4835 1467 4987 dt
1560 4957 1562 4962 -
