4156 5752
661 604 737 686 178
982 596 1567 694 ‚OPUSCULUM

407 775 446 824 „e
458 777 528 826 „w
543 777 635 832 m,
719 739 779 812 14·.
819 709 1144 806 Delinutionem
1169 715 1371 827 geminam
1396 717 1479 827 agri
1494 707 1740 802 Ferrarienfis
1763 711 1919 804 anobis

406 813 503 907 “cnsi-
654 825 806 922 visam.
837 831 973 922 eadem
998 860 1093 918 cura
1120 838 1321 945 perediam
1345 831 1419 920 esse
1436 834 1601 920 minime
1614 830 1787 924 ,dubium
1804 833 1921 916 nobis

656 944 816 1045 fuiffet,
848 943 1066 1062 fiutraeque
1086 945 1247 1064 prorsue
1261 952 1369 1036 inter
1383 943 1422 1037 se
1437 949 1660 1037 concordes
1671 943 1895 1032 extitiffent
1912 1009 1921 1032 .

657 1067 734 1156 Sed
748 1093 875 1182 neque
893 1087 1006 1156 tanta
1020 1089 1107 1152 erat
1119 1097 1254 1156 earum
1266 1064 1499 1158 discordia,
1522 1091 1568 1152 ut
1583 1065 1634 1152 de
1646 1057 1921 1153 iocorumfitu

656 1213 732 1272 uos
748 1181 907 1298 prorsus
920 1188 1097 1277 incertos
1122 1183 1394 1301 relinqueret.
1419 1213 1548 1297 neque
1572 1183 1736 1272 deerat,
1762 1181 1861 1290 quid
1876 1182 1921 1262 in

655 1299 730 1388 hac
772 1331 815 1388 te
845 1300 1094 1416 sequeremur
1119 1363 1131 1398 ,
1172 1333 1260 1392 cum
1291 1303 1384 1392 loce
1412 1302 1598 1418 pleraque
1623 1331 1645 1386 e
1671 1291 1920 1386 Ferrarienfis

655 1417 762 1506 AEdis
777 1423 876 1506 turri
891 1416 1147 1538 prospedeare
1162 1424 1278 1512 cunti
1307 1420 1412 1510 erit.
1434 1422 1574 1533 ltaque
1598 1413 1754 1503 tametsi
1769 1445 1847 1534 prb
1874 1417 1923 1502 iis

660 1536 749 1626 rite.
769 1537 1082 1624 determinandis
1109 1450 1494 1626 alieObirvatione
1522 1564 1624 1648 opus
1648 1531 1770 1624 esset,
1797 1561 1919 1646 quam

658 1679 743 1738 uun
754 1651 826 1740 nifi
841 1657 882 1738 i'n
898 1686 977 1742 uno
991 1659 1036 1740 &
1048 1652 1180 1742 altero
1189 1683 1330 1742 eorum
1346 1656 1596 1769 temporibus
1607 1649 1810 1738 interclusi
1823 1676 1919 1733 nan-

597 1768 603 1778 “
659 1767 758 1858 cisci
784 1775 1021 1888 potuimus.
1046 1775 1091 1860 ἃ
1107 1801 1194 1860 eam
1208 1771 1399 1882 quidem,
1424 1770 1536 1884 quod
1559 1770 1739 1883 proceris
1763 1767 1920 1852 arbori·

545 1923 548 1930 ¹
657 1889 729 1974 bus
756 1884 849 1974 loca
874 1915 1040 2003 quaeque
1068 1883 1147 1976 fere
1168 1892 1454 2002 obtegerentur
1478 1944 1490 1979 ,
1515 1883 1698 1972 nonnihil
1720 1884 1920 1971 dubiam,

657 2027 792 2090 tamen
818 2009 970 2121 partim
995 2031 1045 2090 ex
1070 2006 1148 2094 iis,
1180 2032 1268 2118 quo·⁴
1292 2001 1667 2098 observaveramus,
1699 2002 1850 2115 partim
1868 2027 1918 2086 ex

654 2119 897 2208 Tabularum
914 2123 1072 2208 istarum
1086 2117 1163 2206 fide
1180 2179 1191 2212 ‚
1209 2122 1301 2210 loca
1315 2122 1446 2208 isthac
1461 2124 1502 2202 in
1519 2117 1711 2208 Tabulam
1729 2121 1789 2204 ita
1800 2141 1922 2202 trans·

656 2233 757 2322 ferre
786 2235 933 2328 licuit,
962 2245 1010 2324 ut
1038 2232 1123 2348 spes
1150 2235 1197 2326 sit
1215 2267 1262 2324 ea
1277 2263 1361 2328 non
1381 2237 1483 2324 adeo
1499 2234 1674 2322 multum
1690 2264 1825 2322 aveto
1842 2230 1917 2318 fitu

653 2351 869 2440 abludere.
899 2357 1176 2477 Quamobrem
1195 2357 1260 2442 hic
1288 2383 1448 2468 quoque
1462 2376 1604 2440 notam
1617 2351 1710 2438 fitus
1727 2353 1841 2438 dubii
1858 2350 1916 2432 in·

652 2466 782 2582 telligi
797 2472 934 2584 potius
947 2470 1147 2557 voluimus
1165 2499 1283 2584 quam
1298 2473 1468 2588 apponi,
1482 2493 1699 2585 propterea
1711 2468 1824 2585 quod
1837 2467 1914 2552 hoe

648 2581 747 2672 loco
773 2613 900 2698 neque
924 2615 970 2672 ea
997 2645 1009 2678 2
1047 2613 1133 2700 quae
1174 2591 1333 2704 optime
1365 2583 1576 2676 observata
1607 2587 1797 2672 videntur
1824 2581 1916 2672 satis

581 2759 582 2762 w
648 2723 758 2790 certa
785 2698 890 2794 sent,
919 2733 1046 2818 neque
1070 2705 1558 2818 euquaeobsetvationem
1583 2700 1917 2814 nostrameffuge·

648 2842 771 2910 runt,
802 2847 967 2913 aveto,
997 2844 1044 2911 ut
1069 2826 1187 2914 nobis
1215 2821 1523 2938 persuademus,
1555 2823 1809 2910 vehementer
1835 2814 1915 2902 dis·

648 2957 843 3050 crepent.
1025 3031 1030 3038 ,

441 3062 491 3152 ,¹³²
521 3062 633 3160 *sebast*
712 3076 775 3157 ις.
807 3051 1050 3144 Tabularum
1065 3055 1422 3171 Trigonometrice
1440 3053 1918 3168 construdiarumexigua

361 3219 365 3228 ·
402 3133 631 3284 iiiiiii‘fm
648 3167 764 3285 plane
779 3171 900 3285 copia
926 3175 1043 3258 nobie
1071 3171 1312 3292 suppetebat
1330 3245 1337 3260 .
1366 3181 1474 3260 Data
1490 3167 1621 3259 fuerat
1639 3171 1743 3260 baud
1761 3175 1821 3258 ita
1832 3175 1921 3283 prif

647 3287 797 3372 demin
822 3287 954 3378 iucem
970 3293 1224 3402 aPaAbbate
1251 3295 1302 3378 de
1315 3287 1495 3380 Revillaa
1514 3286 1743 3396 hujusmodi
1761 3289 1917 3376 Tabula

646 3399 840 3490 Dioecefis
851 3404 1102 3498 Tiburtinae,
1133 3413 1245 3516 cujus
1259 3434 1394 3497 tamen
1419 3405 1511 3496 loca
1521 3405 1709 3520 pleraque
1724 3405 1913 3496 observa-

646 3549 688 3604 re
711 3523 830 3611 nobis
858 3521 1067 3638 contigit,
1101 3547 1149 3612 ut
1172 3527 1310 3614 eadem
1339 3555 1421 3612 non
1448 3550 1690 3638 magnopere
1717 3525 1916 3636 indigere·

646 3667 760 3726 mus.
795 3639 1093 3755 Deprehensum
1112 3644 1318 3732 esteutem
1329 3640 1524 3732 Tabulam
1556 3641 1667 3728 istam
1684 3643 1733 3730 ad
1751 3637 1917 3728 umbili-

644 3785 737 3840 cum
753 3757 916 3869 quidem
935 3759 1475 3873 magnacuraefformataim
1510 3763 1553 3842 in
1578 3783 1762 3846 extrema
1781 3783 1919 3844 tamen

643 3902 718 3960 ora
732 3899 812 3959 non
828 3867 927 3958 nihil
952 3875 1152 3970 deficere,
1183 3880 1296 3992 quod
1312 3883 1355 3966 in
1381 3878 1455 3966 situ
1472 3877 1618 3991 oppidi
1645 3873 1885 3964 Sublaceufis
1906 3939 1916 3958 .

641 3987 905 4080 Monticeili‚
935 3993 1194 4106 &s.Angeli
1225 4017 1364 4082 notare
1394 3995 1632 4110 potuimus.
1666 3992 1815 4080 Altera
1833 3996 1919 4076 ine·

641 4107 730 4191 dita
754 4133 940 4220 magnam
956 4110 1218 4198 Fabsianenfis
1243 4119 1326 4226 agei
1357 4135 1511 4226 partem
1537 4108 1754 4223 complexa
1769 4113 1816 4204 P.
1830 4111 1918 4190 An-

640 4225 819 4310 nibalem
834 4225 1085 4337 Magnalbbe
1102 4233 1138 4314 S.
1160 4234 1195 4339 J.
1213 4235 1419 4318 austorem
1438 4228 1558 4315 habet
1580 4287 1592 4322 ‚
1622 4255 1742 4342 quam
1756 4255 1853 4310 cum
1875 4227 1919 4306 in

644 4345 731 4428 oris
744 4347 934 4432 extremis
948 4375 1039 4432 cum
1060 4349 1251 4436 Fabriuuu
1267 4351 1363 4438 urbe
1382 4343 1542 4432 collatis
1562 4347 1729 4433 veritati
1744 4340 1921 4428 consen·

641 4487 798 4548 teneam
824 4461 1228 4573 deprehenderimus,
1260 4468 1382 4553 etiam
1413 4468 1455 4546 in
1469 4461 1633 4575 reliquis
1652 4463 1838 4576 partibus
1853 4485 1924 4544 ac·

570 4589 577 4601 '
640 4602 822 4670 curatam
846 4578 920 4668 effe
952 4605 1034 4668 nou
1058 4581 1325 4673 dubitamus.
1359 4585 1466 4668 Hinc
1495 4582 1623 4694 igitur
1651 4576 1812 4676 castella
1843 4575 1922 4665 ali-

639 4723 771 4812 quot,
805 4699 952 4788 omiffis
983 4697 1156 4796 viculis,
1181 4694 1479 4815 decer-pimus,
1507 4725 1597 4811 quae.
1623 4697 1919 4811 quidememe

1785 4925 1788 4934 Ι
1821 4809 1923 4896 illac
