4136 5778
652 635 740 723 yn
972 601 1566 694 OPUSCULUM.

648 750 742 816 tur,
770 743 940 837 quantus
960 726 992 810 is
1006 752 1119 810 error
1132 727 1172 806 in
1188 717 1347 834 singulis
1366 717 1718 812 observationibus
1735 719 1812 812 ell'e
1830 727 1924 840 pos.

644 843 695 930 iit
710 859 732 930 .'
750 847 812 927 Sit
829 847 869 924 in
885 841 1014 958 liguo
1032 839 1210 955 tigillum
1227 839 1396 958 oblique
1415 841 1668 928 collocatum
1686 842 1763 936 Flr,
1793 849 1842 932 ὅτ
1857 849 1927 938 <li-3·

641 962 944 1052 llantiaarecta
962 958 1164 1076 pofitione
1182 957 1265 1042 hT.
1292 961 1379 1046 Erit
1405 961 1477 1044 ΤΧ
1504 961 1627 1043 etiarn
1656 958 1749 1052 hic,
1777 985 1826 1048 ut
1854 963 1925 1052 su..¹

638 1103 715 1194 pra
728 1107 834 1164 num.
858 1109 941 1188 349
958 1081 1081 1164 tertia
1098 1078 1189 1191 post
1203 1078 1443 1191 rtTduplum
1460 1061 1680 1163 adsensum
1695 1075 1810 1191 ipsius
1828 1084 1884 1167 n
1902 1099 1924 1181 ‚r

638 1199 800 1282 &banc
816 1197 1043 1282 distantiam
1058 1193 1135 1278 Th.
1167 1199 1301 1280 Porro
1328 1201 1372 1279 in
1399 1199 1546 1311 quovit
1573 1193 1714 1309 tigillo
1733 1198 1915 1290 eumuna

636 1312 763 1431 palmi
776 1343 858 1412 27,
893 1335 1016 1398 erunt
1045 1315 1174 1400 unciae
1191 1342 1279 1422 324
1295 1381 1303 1398 .
1321 1314 1410 1421 Jam
1429 1315 1666 1402 vero'tertia
1684 1318 1813 1400 unciae
1826 1349 1915 1431 pars

635 1429 835 1542 ejusmodi
855 1433 942 1520 eli,
973 1453 1021 1515 ut
1036 1432 1075 1513 in
1090 1427 1294 1544 politione
1309 1430 1432 1546 tigilli
1447 1433 1595 1518 debeat
1615 1436 1791 1519 omnino
1808 1433 1922 1524 senli·

634 1551 729 1638 bilis
742 1547 817 1634 else
832 1544 1084 1662 ,adeoquefi
1099 1545 1172 1634 fiat
1187 1603 1200 1636 ‚
1217 1571 1264 1634 ut
1276 1563 1360 1647 648
1381 1550 1527 1664 duplus
1548 1577 1686 1636 earum
1703 1553 1914 1640 unciarum

632 1695 823 1754 numerus
836 1668 886 1750 ad
901 1666 930 1766 ἦ
946 1667 1043 1767 ita÷
1064 1723 1076 1758 ‚
1106 1667 1156 1752 ad
1170 1693 1352 1752 errorem
1368 1721 1381 1758 ,
1395 1668 1539 1782 prodit
1554 1668 1619 1784 ,ἧς
1635 1672 1788 1754 unciae.
1805 1671 1916 1757 Pofi-

630 1789 771 1876 tiones
803 1783 1034 1898 tigillorum
1062 1781 1154 1869 sunt
1181 1785 1339 1879 minus,
1368 1813 1489 1899 quam
1509 1803 1653 1878 2000'2
1681 1789 1728 1872 δε
1752 1815 1845 1872 curn
1870 1793 1913 1878 in

593 1898 599 1924 '
631 1903 795 2019 fingulis
810 1899 1081 2016 positionibus
1099 1900 1253 2017 duplex
1264 1904 1475 1988 committi
1489 1932 1604 1988 error
1620 1900 1772 2018 pellit,
1799 1935 1910 1993 erro

631 2053 697 2108 rer
720 2023 1044 2111 committuntur
1071 2022 1231 2111 minus,
1260 2049 1381 2133 quam
1402 2050 1533 2122 4000.
1609 2051 1705 2108 aare
1736 2051 1910 2110 eorunm

632 2136 786 2228 summa
798 2141 936 2224 minor
947 2142 1029 2224 erit
1042 2165 1126 2224 uno
1139 2136 1405 2254 paleamque
1418 2143 1609 2254 igiturba
1641 2167 1912 2228 metroneam

631 2257 806 2345 reddere
813 2258 975 2373 poterit
988 2259 1133 2346 minus,
1150 2283 1273 2370 quam
1284 2285 1494 2372 perunum
1511 2257 1695 2372 palmum
1711 2315 1725 2348 ι
1742 2263 1791 2346 δε
1802 2287 1911 2348 men·

632 2371 763 2462 suram
777 2379 926 2490 gradus
939 2377 1095 2464 minut,
1110 2403 1231 2489 quam
1247 2373 1461 2487 decuplam
1477 2373 1573 2461 baiis
1590 2373 1710 2489 ipsius
1729 2381 1903 2473 ‚minus¹

628 2519 751 2610 quam
769 2523 820 2580 ιο
831 2491 1041 2606 palmia&
1053 2519 1152 2578 vero
1167 2495 1293 2578 etiam
1305 2492 1575 2608 minus‚quam
1592 2521 1672 2579 una
1684 2495 1906 2610 hexapeda.

381 2651 640 2744 „mmm
689 2625 787 2727 360.
820 2613 991 2698 Constat
1019 2613 1148 2726 igitur
1178 2613 1223 2698 δι
1249 2610 1357 2697 hunc
1383 2607 1561 2698 errorem
1586 2609 1660 2698 effe
1686 2612 1906 2700 admodum·

376 2749 610 2809 “reboet-cur
626 2735 843 2848 exiguum.
876 2731 1082 2822 Accedit,
1107 2729 1220 2844 quod
1241 2729 1306 2816 hic
1320 2759 1436 2818 error
1457 2725 1680 2816 mensuram
1705 2733 1905 2844 producit

379 2831 611 2970 ffiffiffif'
625 2849 833 2938 intervalli
849 2851 899 2934 ad
909 2851 1082 2963 gradum
1098 2849 1453 2936 determinandum
1469 2847 1642 2935 adhibiti
1658 2906 1671 2940 ,
1700 2877 1787 2964 quo
1811 2879 1906 2938 cora

623 2973 740 3059 redo
754 2967 884 3056 adhuc
902 2968 1035 3054 noller
1056 2969 1207 3082 gradus
1218 2969 1472 3054 minueretur
1485 2965 1696 3058 nonnihil,
1725 2973 1798 3084 qui
1812 2974 1906 3084 qui·

623 3090 717 3175 dem
730 3091 814 3196 jam
829 3091 961 3172 minor
977 3087 1032 3174 est
1046 3115 1119 3200 per
1144 3079 1224 3170 sese
1248 3081 1481 3172 Gcffiniano
1505 3087 1547 3168 in
1575 3084 1751 3172 Australi
1770 3087 1904 3176 Gallia

622 3205 796 3293 definito
809 3209 851 3289 in
870 3205 1010 3292 eadem
1027 3203 1272 3290 latitudine.
1297 3205 1348 3287 Et
1367 3202 1533 3318 quidem
1559 3199 1662 3288 illud
1687 3205 1731 3287 in
1758 3208 1904 3320 primis

620 3351 702 3409 con
734 3327 817 3408 ruit
841 3351 936 3406 cum
968 3325 1019 3409 iis
1048 3383 1060 3418 ,
1087 3349 1175 3438 quat
1204 3325 1380 3408 diximus
1409 3319 1650 3436 opusculot
1681 3349 1793 3408 num.
1821 3351 1900 3426 157

574 3511 578 3518 .
620 3353 855 3526 consensum
872 3443 1056 3525 binarum
1073 3437 1250 3551 ejusdem
1275 3438 1413 3529 baseos
1428 3435 1721 3527 dimenfiomm
1738 3438 1899 3528 extitis-

517 3621 523 3636 .
620 3555 688 3652 se,
715 3553 992 3643 admirabilem
1010 3555 1099 3646 sane
1114 3562 1164 3644 iis
1182 3562 1400 3649 omnibus,
1431 3563 1503 3674 qui
1517 3586 1661 3655 canon
1674 3561 1901 3673 perpende-

619 3678 741 3770 rint,
770 3705 857 3792 quae
873 3677 1075 3765 diximum
1105 3683 1214 3766 Nam
1242 3677 1466 3794 postremus
1492 3679 1562 3763 hic
1591 3675 1754 3792 quidem
1784 3703 1894 3762 error

619 3817 834 3908 utramque
850 3797 1046 3912 producit
1062 3793 1212 3891 bafim,
1239 3797 1418 3910 reliqui,
1442 3825 1618 3912 quorum
1641 3795 1886 3882 mentionem

619 3909 817 4006 fecimut‘,
842 3917 890 4000 iis
903 3915 1074 4008 omisis,
1102 3921 1174 4034 qui
1201 3945 1253 4006 ex
1277 3913 1499 4000 oscitantia
1521 3917 1648 4000 nimia
1663 3914 1854 3998 orirentur
1872 3969 1890 4006 ,

620 4029 786 4144 poliunt
801 4029 964 4117 alterius
977 4031 1073 4120 basis
1090 4035 1315 4122 mensuram
1327 4061 1472 4148 augere
1487 4091 1501 4125 ‚
1519 4031 1686 4118 alterius
1697 4031 1895 4124 minueret·

618 4146 685 4234 sed
701 4151 760 4237 ita
774 4175 950 4268 parum,
982 4175 1029 4238 ut
1054 4157 1126 4238 vix
1154 4151 1285 4238 ullum
1310 4148 1527 4240 discrimen
1550 4151 1894 4240 -inveniridebeat

462 4324 465 4332 .
618 4267 671 4352 ab
688 4267 962 4356 observatore
980 4267 1075 4355 satis
1090 4270 1280 4386 diligenti
1298 4335 1309 4360 .

370 4435 438 4497 Μ
464 4434 493 4490 1,,
521 4437 624 4494 Μ...
680 4401 733 4500 36
746 4415 777 4474 ι.
813 4389 875 4474 lill
892 4387 1317 4505 aliur'duplerrerroris
1333 4389 1422 4480 font
1437 4395 1480 4478 in
1499 4386 1725 4482 uolitabali
1741 4391 1897 4478 Arimi·

368 4517 444 4642 ἔως
460 4503 755 4608 ,¹¹¹¹“l0fflnenlla
788 4509 856 4623 qui
880 4535 974 4594 cum
998 4536 1110 4622 aeque
1139 4532 1349 4626 utramque
1375 4511 1595 4599 mensuram
1623 4511 1800 4603 afficiat,
1826 4540 1895 4596 et·

365 4595 557 4732 ,ffllssfibffi
572 4604 708 4714 A‘rum
725 4620 890 4713 dillensu
904 4625 1150 4739 deprehendi
1163 4657 1249 4715 non
1264 4628 1420 4744 posset,
1444 4631 1542 4717 licet
1556 4629 1653 4719 eliet
1668 4657 1893 4746 utcumque

619 4769 807 4858 magnus.
838 4746 994 4834 Primus
1006 4749 1140 4862 repeti
1159 4749 1295 4862 potest
1310 4777 1333 4831 a
1351 4747 1517 4837 flumine
1536 4754 1758 4862 interjecto
1774 4807 1788 4843 ‚
1817 4779 1892 4834 cu·

615 4862 678 4976 jus
694 4895 772 4986 ego
787 4865 1038 4960 mentionem
1066 4861 1145 4960 feci
1172 4862 1376 4988 opusculo
1395 4895 1416 4960 1
1436 4897 1558 4966 num.
1578 4897 1690 4982 155,
1715 4873 1764 4958 oc
1781 4871 1892 5008 blai-

698 5033 708 5046 ’
1043 5047 1047 5057 ’
1153 5045 1158 5054 ·
1209 5035 1234 5056 ’·
1798 5015 1888 5080 trus
