4256 5730
554 549 1101 640 PRIMUM:
1414 577 1467 652 17

152 769 154 778 ,
207 677 296 762 bitu
314 691 586 799 comparatae,
608 672 729 756 nimis
752 665 940 781 exiguum
964 692 1047 754 tam
1071 668 1350 781 proximorum
1378 700 1466 788 gra·

206 791 326 878 duum
355 789 595 878 discrimen,
627 780 942 872 cuidefiniendo
959 789 1106 898 quaevis
1133 785 1464 874 observationum

203 907 423 1018 diligentia
446 901 495 994 lit
524 907 657 1020 impar
685 953 696 992 r
730 903 971 996 erroribus,
1002 908 1072 1013 qui
1102 904 1144 984 in
1167 899 1463 990 obseruationes

203 1013 308 1135 ipsas
322 1024 467 1109 cadere
483 1028 651 1108 omuino
668 1018 842 1134 possint,
874 1021 918 1106 sic
933 1015 1013 1105 sere
1026 1019 1221 1113 debeant,
1251 1017 1468 1136 superanti·

201 1141 276 1226 bus
306 1139 520 1224 discrimen
545 1137 700 1254 ipsum.
1363 1223 1366 1230 ¹

268 1284 335 1370 35.
395 1261 518 1344 Dum·
535 1280 667 1341 autern
696 1253 894 1361 ejusmodi
927 1254 1200 1348 controuersia
1224 1261 1308 1344 acri
1334 1257 1466 1344 studio
1521 1285 1712 1346 ranam

200 1377 451 1489 agitaretur,
483 1377 525 1454 in
548 1369 648 1486 ipsas
674 1373 847 1461 theorias
873 1376 1027 1461 interea
1050 1373 1279 1489 inquifitum
1296 1375 1350 1461 est
1374 1373 1467 1459 dili·
1482 1365 1714 1498 22⁰¹}nfflg

199 1497 391 1608 gentius,
424 1495 469 1578 ὃ(
486 1492 773 1583 Astronomia,
797 1519 844 1574 ac
872 1493 1002 1577 omnis
1030 1493 1380 1580 instrumentorum
1398 1521 1467 1606 ap·
1482 1523 1553 1576 ‘uu
1567 1521 1670 1594 mgr..

197 1633 400 1724 paratus,
433 1613 477 1695 δε
498 1605 734 1695 observandi
748 1611 855 1692 ratio
869 1613 1015 1692 mirum
1027 1610 1068 1692 in
1083 1609 1247 1696 modum
1276 1607 1463 1698 exculta.

198 1727 330 1840 Qud
343 1727 392 1812 ad
413 1727 606 1812 theoriam
622 1727 826 1836 pertinet,
844 1726 1061 1810 Mairanius
1088 1730 1129 1810 in
1157 1728 1294 1838 primis
1311 1729 1465 1812 invenit

193 1839 398 1946 ejusmodi
411 1843 620 1956 gravitatis
637 1843 827 1930 terrestris
850 1837 1006 1954 legem,
1037 1871 1116 1955 qua
1130 1837 1217 1926 fieri
1231 1843 1387 1956 pollet,
1418 1867 1465 1930 ut

197 1953 330 2044 forma
341 1963 499 2072 quaevis,
509 1960 654 2072 quaevis
665 1960 855 2070 graduum
869 1956 1112 2068 inaequalitas
1124 1987 1216 2043 cum
1231 1962 1364 2072 quavis
1378 1961 1468 2042 inre·

193 2072 396 2185 qualitate
414 2076 624 2186 grauitatis
640 2074 849 2162 conciliari
867 2073 1009 2188 posset,
1022 2073 1250 2187 aequilibrio
1264 2074 1367 2162 nihil
1386 2101 1468 2164 tur·

195 2195 299 2278 bato
316 2251 327 2286 ,
346 2217 477 2306 atque
491 2221 576 2278 eam
591 2187 715 2302 ipsam
733 2193 862 2304 legem
876 2187 1141 2278 deliniendam
1157 2191 1229 2278 else
1245 2189 1399 2280 censuit
1412 2221 1464 2282 ex

193 2313 395 2396 accuratis
413 2305 787 2398 observationibus,
819 2338 907 2422 quae
928 2305 1150 2396 mensuram
1166 2312 1389 2424 graduum,
1420 2313 1466 2397 δε

193 2427 409 2510 meridiani
428 2423 597 2540 figuram
623 2429 882 2514 exhiberent.
915 2424 1042 2546 Quod
1067 2449 1200 2512 autem
1215 2433 1395 2542 pertinet
1414 2427 1464 2511 ad

74 2574 105 2660 χ
189 2544 520 2633 Astronomiam‚
552 2540 889 2662 Bradleyusbinus
932 2542 1128 2635 uosdam‚
1161 2549 1358 2634 veteribus
1372 2574 1463 2632 om·
1499 2545 1507 2561 ⁸

188 2663 311 2746 nibus
323 2661 484 2776 prorsus
502 2663 682 2772 ignotos,
696 2663 894 2748 stellarum
904 2576 1079 2747 sxarum
1093 2684 1225 2748 motus
1242 2663 1463 2778 deprehen·

187 2777 252 2866 dit
277 2835 289 2868 ,
320 2783 487 2891 exiguos
499 2778 689 2892 quidem,
722 2777 786 2864 sed
802 2777 851 2864 ad
876 2803 1099 2867 accuratam
1118 2779 1314 2892 graduum
1330 2779 1463 2863 deter-

186 2896 459 2982 minationem
478 2896 783 3010 pernecelsarios
803 2962 812 2983 .
847 2898 928 2983 Ubi
942 2899 1049 2980 enim
1076 2896 1222 3008 gradus
1239 2895 1462 3008 cujuspiam

184 3009 370 3096 mensura
380 3013 600 3125 inquiritur
614 3043 693 3128 ope
706 3014 930 3102 stellarum,
962 3012 1269 3099 determinando
1288 3010 1462 3116 ejusdem

179 3125 311 3214 stellae
340 3129 570 3212 distantiam
596 3133 646 3210 ab
673 3126 880 3236 utriusque
908 3127 992 3208 loci
1019 3127 1153 3209 zenith
1181 3181 1193 3214 ,
1224 3125 1459 3240 plerumque

182 3237 444 3328 Observator
462 3242 570 3325 idem
592 3299 605 3334 ,
635 3245 703 3326 ubi
719 3245 758 3324 in
772 3239 903 3326 altero
914 3240 1056 3352 gradus
1072 3241 1363 3328 determinandi
1393 3271 1458 3330 ex·

182 3385 323 3444 tremo
352 3353 654 3442 observationes
669 3359 763 3441 iniit
788 3355 901 3450 suas,
933 3357 983 3440 ad
998 3354 1168 3444 alterum
1197 3357 1234 3444 se
1260 3357 1451 3452 confert,

180 3479 224 3564 δι
243 3471 414 3559 alteram
433 3475 584 3561 ibidem
598 3473 918 3562 observationem
935 3474 1084 3566 habet,
1108 3476 1220 3589 quod
1235 3475 1453 3589 aliquando

182 3591 275 3704 poli
287 3589 441 3676 multos
454 3591 561 3683 dies,
591 3595 635 3676 δι
647 3622 747 3680 vero
760 3594 879 3676 etiam
896 3587 1044 3678 menses
1060 3595 1289 3705 peragitur.
1324 3595 1452 3680 Porro

181 3705 326 3799 stellae,
360 3737 456 3821 quas
470 3704 567 3792 fixas
583 3705 777 3804 dicimus,
802 3732 936 3794 motus
951 3712 997 3794 &
1020 3706 1115 3821 ipsae
1132 3711 1248 3792 nobis
1264 3710 1452 3822 exhibent

184 3822 408 3938 quosdam,
439 3853 611 3937 quorum
636 3829 693 3917 is,
722 3829 791 3939 qui
819 3826 981 3912 diurnus
1005 3825 1186 3918 dicitur,
1218 3853 1302 3942 quo
1325 3830 1449 3912 etiam

185 3946 374 4029 oriuntur
409 3999 420 4034 ‚
454 3947 499 4027 ὃ(
524 3944 721 4030 occidunt
751 4001 762 4036 ‚
794 3945 918 4055 vulgo
947 3938 1020 4055 ipfi
1044 3943 1267 4030 notillimus
1293 3943 1447 4057 semper

182 4053 282 4144 fnit.
315 4065 469 4148 Praeter
483 4061 613 4171 bunc,
644 4065 714 4174 qui
733 4058 759 4144 sr
776 4057 885 4150 solus
904 4059 998 4146 esset
1018 4118 1030 4152 ‚
1061 4061 1161 4146 nihil
1174 4060 1369 4170 ejusmodi
1385 4063 1446 4168 in-

181 4179 486 4287 vestigationem
512 4181 722 4272 turbaret,
754 4180 979 4268 dummodo
1004 4181 1095 4266 astri
1116 4175 1233 4293 ipsius
1263 4175 1448 4293 appulsus

186 4289 237 4372 ad
260 4293 446 4382 calestem
478 4298 741 4382 meridianum
767 4303 1071 4411 expectaretur,
1100 4325 1218 4411 quem
1241 4300 1283 4380 in
1310 4297 1448 4381 eadem

183 4401 337 4517 semper
352 4411 517 4523 apulo,
550 4409 943 4522 &abejusdemloci
963 4416 1097 4502 zenith
1125 4415 1310 4500 distantia
1325 4417 1448 4497 inter·

182 4518 361 4616 secaret,
391 4526 514 4620 alium
531 4534 765 4618 Alironomi
782 4529 1034 4620 lentissimum
1048 4531 1244 4645 quendam
1269 4530 1442 4645 ipsarum

181 4665 344 4728 motum
360 4645 439 4750 jam
454 4648 555 4736 olim
570 4673 764 4738 noverant
782 4709 793 4742 ,
823 4679 941 4762 quem
957 4650 1246 4760 preeceffionem
1258 4648 1438 4756 aequino-

182 4760 357 4860 sliorum
373 4767 609 4881 appellant,
641 4797 723 4882 qno
740 4791 938 4881 perpetuo
955 4765 1004 4856 ad
1021 4771 1106 4856 loti
1117 4761 1286 4870 cujttsvis
1301 4757 1438 4882 zeniph

880 4890 917 4968 C
1325 4903 1439 4966 acce·
