4178 5748
170 758 307 824 necea
318 753 493 843 unquam
505 730 728 818 Rbedarius
742 727 969 820 tranfierat.
989 729 1269 848 Significatum
1287 650 1424 822 aurens

172 855 288 940 nobis
309 845 468 938 suerat,
495 847 570 934 esse
582 849 747 962 quidem
764 853 805 933 in
818 881 868 936 eo
886 850 991 936 ostio
1003 850 1152 964 aliquid
1168 853 1339 966 periculi
1354 880 1425 964 per

172 971 356 1086 hyemem
373 1021 383 1052 ,
399 991 470 1078 per
482 968 654 1050 aestatem
672 969 841 1052 omnino
857 965 957 1051 nihil
974 968 1103 1080 :posse
1118 997 1190 1052 nos
1208 990 1303 1056 tuto
1317 961 1430 1082 sequi

169 1083 327 1172 littoris
344 1081 539 1174 dossum,
561 1084 632 1194 qui
647 1082 726 1168 adi
759 1079 816 1168 sas
840 1081 936 1170 esset
949 1087 1094 1170 Circaei
1110 1089 1259 1174 montis
1276 1088 1431 1174 radices

172 1200 286 1294 facili
307 1199 553 1290 admodum,
570 1203 614 1284 dc
629 1113 825 1288 tutissimo
839 1203 984 1286 itinere
1001 1201 1162 1288 rhedam
1178 1203 1438 1292 deducturus.

172 1320 240 1405 nd
261 1319 304 1402 id
321 1317 466 1403 ostium
486 1317 741 1406 devenimus,
761 1321 1009 1428 &quoniam
1023 1320 1166 1404 Custos
1179 1321 1319 1408 Turris
1336 1326 1438 1407 Pau-⁴

174 1435 222 1522 1ae
255 1434 305 1520 ad
320 1435 466 1518 Circaei
501 1437 653 1520 montis
685 1435 839 1518 radices
867 1430 1035 1548 positae,
1063 1463 1154 1520 ante
1185 1439 1295 1522 binas
1322 1437 1443 1522 horas

173 1579 285 1669 equo
301 1553 436 1636 vedius
453 1546 560 1637 forte
578 1549 829 1666 praecesserat
846 1582 922 1645 ,eo
941 1549 1031 1638 suos
1044 1552 1265 1654 Rhedarius
1279 1551 1442 1666 immisit

172 1699 306 1781 equos
340 1667 578 1780 inaquam,
606 1671 678 1754 ubi
706 1672 883 1755 recentia
902 1669 984 1775 ejus
1010 1672 1100 1783 equi
1128 1666 1443 1784 vestigiaobser-

173 1789 328 1874 vabat,
358 1782 400 1866 id
426 1786 595 1869 maxime
615 1807 750 1872 tutum
778 1808 918 1873 ratus.
951 1787 1037 1892 Jam
1062 1784 1289 1900 perplures
1316 1783 1442 1902 passus

174 1895 451 2016 procederat,
473 1929 564 1987 cnm
578 1926 744 2014 repente
758 1928 808 1988 ex
823 1899 985 1986 adversa
998 1905 1088 2016 ripa
1102 1901 1243 1989 Custos
1256 1901 1325 1987 isse
1341 1897 1440 2014 ipse,

172 2019 245 2130 qui
278 2014 429 2102 ibidem
456 2020 500 2101 in
527 2020 663 2103 medio
678 2019 824 2104 itinere
848 2017 898 2102 ad
918 2020 1099 2104 umbram
1115 2017 1446 2134 diuconquievc·

170 2157 269 2222 rat,
295 2136 442 2218 &tum
456 2138 631 2221 maxime
658 2163 804 2248 equum
819 2131 1114 2224 conscendebat
1144 2134 1437 2250 progressurus,

171 2245 392 2365 conspeesa
406 2251 530 2338 rheda
547 2311 559 2346 ,
585 2273 732 2364 quanta
749 2255 920 2337 maxima
931 2279 1032 2338 vnce
1046 2256 1218 2366 potuit,
1248 2248 1446 2336 inclama·

171 2395 220 2452 re
234 2423 253 2466 ,Ι
265 2395 311 2451 ac
323 2395 441 2454 manu
463 2365 669 2460 indicare,
694 2389 743 2454 ut
757 2365 1053 2455 consisteremus
1071 2423 1083 2458 ,
1101 2399 1147 2455 ac
1167 2365 1218 2453 ad
1234 2368 1443 2456 dexteram

173 2479 375 2570 converso
402 2488 578 2577 itinere,
610 2487 660 2570 ab
676 2484 781 2570 ostio
795 2481 957 2598 longius
971 2513 1043 2600 per
1067 2483 1200 2600 ipsum
1219 2487 1336 2570 maris
1353 2481 1443 2568 fuu-

140 2665 144 2680 .
170 2597 275 2688 dum
297 2603 583 2689 circuiremus.
616 2601 700 2688 Ubi
714 2602 765 2689 ad
781 2629 873 2686 eum
897 2599 1094 2714 longiore*
1101 2629 1204 2716 gyro
1220 2601 1442 2690 deventum

170 2718 259 2813 ass,
287 2713 504 2830 sequidem
518 2713 733 2835 agnoscere
752 2721 1026 2831 pronunciat,
1054 2712 1349 2833 repraesentem
1375 2743 1443 2799 vc-

170 2837 306 2921 nerari
320 2839 510 2922 Divinam
524 2834 828 2952 providentiam
845 2889 858 2923 ,
875 2863 963 2946 quat
976 2861 1048 2919 nos
1063 2837 1106 2919 in
1124 2855 1238 2920 tanta
1255 2827 1444 2916 solitudi-

170 2981 221 3037 ne
239 2950 368 3040 salvns
383 2957 467 3060 ejus
480 2983 559 3066 ope
574 2947 786 3039 voluisset.
819 2955 866 3035 Se
883 2947 1076 3037 videlicet
1096 2949 1182 3036 loci
1194 2951 1374 3063 per-itum
1391 2976 1443 3032 eo

169 3094 294 3154 caute
310 3067 558 3183 promisisse,
588 3089 636 3151 ut
655 3063 768 3150 sundi
782 3065 926 3152 statum
949 3064 1045 3178 pers
1067 3065 1195 3150 iceret
1213 3095 1222 3147 :
1253 3065 1441 3150 invenisse

166 3187 371 3270 imbrium
383 3189 452 3273 vi,
480 3185 549 3296 qui
563 3184 779 3295 praeteritis
799 3181 936 3264 diebus
954 3098 1065 3263 effus
1088 3177 1354 3272 deciderant,
1380 3186 1443 3272 in-

167 3299 333 3383 suetam
346 3328 391 3383 ea
408 3297 641 3412 tempestate
661 3293 855 3380 undarum
869 3297 1031 3407 copiam
1059 3325 1081 3380 c
1103 3293 1192 3381 lacu
1206 3292 1256 3378 ad
1273 3323 1442 3387 mare-a

170 3411 462 3505 transmissam,
489 3441 534 3497 ac
549 3439 685 3497 aarum
700 3413 854 3524 impetu
871 3435 1111 3524 perruptum
1125 3412 1269 3502 vadum
1285 3415 1370 3509 ita,
1392 3442 1439 3504 ut

170 3535 365 3619 binorum
379 3532 587 3618 bominum
601 3525 860 3614 altitudinem
876 3555 1053 3642 praeceps
1066 3530 1197 3616 hiatus
1216 3525 1435 3643 superaret.

171 3649 235 3734 Eo
249 3649 425 3736 immissis
438 3647 548 3760 cquis
565 3702 577 3736 ,
596 3639 851 3730 necessarium
864 3645 1032 3733 omnino
1045 3641 1152 3732 fuisse
1167 3645 1334 3732 rhedam
1349 3644 1442 3736 snb·

173 3759 317 3876 sequi,
342 3767 481 3881 qua&
506 3761 629 3876 equi,
659 3761 964 3850 &Rhodanum
992 3765 1122 3848 &nos
1147 3762 1346 3876 oppress,
1378 3792 1439 3853 at·

175 3908 256 3994 que
274 3886 383 3998 aquis
400 3883 538 3972 obruti
555 3879 634 3964 fine
648 3876 734 3966 ullo
749 3875 900 3992 effugio
922 3877 1214 3990 petivissernus,
1240 3882 1338 3991 quin
1351 3877 1436 3968 for-

167 3995 304 4094 ”tasse,
325 4029 448 4087 arena
460 3999 609 4085 iterum
621 3991 818 4111 opplente
830 3997 1013 4085 hiatum,
1040 3994 1169 4108 posset
1182 3994 1256 4084 ulli
1273 4020 1428 4086 morta-

175 4111 276 4204 sium
302 4117 523 4233 quidquam
558 4116 609 4201 de
634 4113 772 4198 nostro
806 4115 937 4200 exitio
966 4111 1242 4200 innotescere.
1273 4118 1430 4201 Caven-

175 4231 274 4318 dum
286 4240 477 4320 nimirum
492 4234 536 4319 id
547 4233 719 4318 maxime
733 4233 775 4316 in
790 4230 945 4317 lacuum
961 4287 974 4322 ,
991 4235 1035 4320 ἀ
1050 4234 1252 4319 minorum
1266 4227 1430 4320 flluvin-

179 4377 272 4436 rum
296 4355 432 4442 ostiis,
456 4375 587 4466 utper
601 4349 718 4435 maris
746 4345 913 4435 fundum
929 4348 1062 4435 multo
1079 4353 1219 4462 utique
1233 4339 1425 4441 solidius,

180 4496 284 4583 gyro
299 4467 600 4585 amplioretam
627 4494 760 4579 equo,
790 4497 911 4580 qnam
941 4468 1064 4550 rheda
1086 4464 1194 4554 fano
1218 4524 1231 4564 ‚
1252 4463 1429 4560 evitetur

177 4584 430 4700 periculum,
454 4583 565 4697 quod
581 4581 779 4698 intraipsa
792 4584 889 4669 ostia
904 4588 1086 4672 occurrit
1100 4581 1302 4697 frequens.
1441 4627 1594 4684 annui„
1614 4627 1675 4681 nri.

243 4733 338 4813 129.
369 4706 475 4788 Binis
488 4699 680 4788 mensibus
696 4705 738 4785 iu
753 4705 860 4790 Urbe
873 4703 1125 4788 constitimus
1141 4759 1153 4792 ,
1168 4731 1253 4812 quo
1270 4722 1426 4809 tempo·-
1441 4721 1468 4761 t·
1486 4725 1533 4779 rw
1549 4704 1677 4799 „nm-

175 4857 220 4917 te
248 4826 425 4915 Mairius
444 4822 664 4912 comitiis,
692 4851 768 4937 ego
786 4816 1013 4934 quadrantis
1044 4814 1333 4910 construetioni
1360 4842 1426 4900 ur·
1441 4783 1675 4920 {¹,'‚“⁶²⁵‘²“⁰‘

1333 4957 1430 5052 geu·
