4178 5748
653 590 734 665 104
984 561 1549 652 OPUSCULUM
1682 593 1684 596 ·

636 682 900 771 coeuntibus,
927 681 1060 768 effluit
1076 682 1167 766 inde
1193 711 1265 798 per
1274 685 1459 795 quintum
1479 679 1602 764 amnis
1617 683 1704 765 Nar
1730 683 1896 793 angusto

579 871 583 881 .
637 799 779 890 alveo,
806 801 1009 915 praecipiti
1029 802 1191 914 rupium
1218 797 1334 914 supra
1360 802 1484 887 etiarn
1500 794 1647 884 alicubi
1661 825 1917 914 procurren·

553 1000 560 1021 ,
635 923 739 1006 tium
754 915 860 1003 mole
879 913 1116 1008 conclusus,
1144 913 1215 1004 sub
1230 919 1372 1030 quibus
1385 913 1516 1033 ipsum
1531 911 1608 1001 iter
1626 919 1669 998 in
1695 916 1790 1000 vivo
1805 909 1899 1000 saxo

632 1035 779 1122 alicubi
792 1032 971 1121 excisum
986 1033 1196 1122 horrorem
1218 1036 1369 1119 incutit
1384 1031 1661 1120 incredibilem
1681 1030 1903 1146 progressu-

630 1185 708 1240 ro.
743 1150 799 1240 Ex
826 1152 996 1269 oppido,
1012 1150 1141 1238 nullus
1171 1146 1254 1237 sere
1281 1147 1515 1267 prospesius
1539 1173 1680 1266 patet.
1716 1154 1902 1234 Montem

633 1274 944 1384 circumquaque
974 1265 1154 1383 asperum
1185 1264 1380 1387 suspicis,
1411 1296 1503 1354 nam
1535 1265 1607 1380 ipss
1637 1268 1813 1386 quinque
1839 1266 1899 1353 isli

632 1387 734 1472 alvei
754 1388 914 1472 incurvi
926 1385 1142 1471 admodum
1156 1382 1194 1471 se
1208 1391 1295 1474 cito
1308 1381 1484 1498 aspediui
1498 1383 1747 1471 subducunt.
1770 1387 1899 1499 AEgre,

478 1581 484 1599 ,
630 1502 742 1590 elato
759 1505 922 1619 capite,
955 1501 1096 1586 caelum
1117 1503 1628 1591 videsveiticiimminens.
1762 1535 1766 1542 ’

400 1687 493 1741 m„
515 1681 543 1736 ι,
564 1678 621 1734 tp,
698 1638 790 1726 189.
852 1619 987 1706 Nullae
1002 1623 1296 1736 Geographicae
1310 1615 1609 1707 observationes
1632 1623 1672 1703 in
1690 1614 1778 1731 ipso
1805 1617 1900 1706 loco

405 1761 529 1819 atumem,
541 1753 564 1812 a
575 1777 621 1828 0p·
633 1737 787 1822 institui
804 1759 1027 1853 potuerunt
1044 1796 1057 1831 ,
1081 1739 1122 1820 in
1135 1739 1347 1854 proximos
1361 1759 1519 1822 montes
1534 1735 1785 1822 evadendum
1799 1732 1901 1824 fuit.

404 1835 620 1972 {22:3¹⁶}ssss
634 1854 756 1940 Abest
766 1853 860 1940 inde
874 1856 1010 1966 paucis
1024 1851 1200 1967 passuum
1213 1853 1390 1943 millibus
1405 1851 1633 1939 altissimum
1647 1855 1815 1966 jugum,
1844 1856 1905 1939 Si·

405 1997 465 2054 rn.
633 1969 753 2088 bylsae
763 1993 924 2056 montes
941 1994 1117 2065 vocant,
1143 1977 1282 2087 inquo
1299 1970 1431 2086 plures
1446 1967 1574 2054 veluti
1589 1969 1773 2083 cuspides
1788 1967 1905 2056 assur-

635 2111 737 2204 gunt
752 2091 906 2200 magis,
938 2087 1050 2202 quod
1064 2091 1228 2202 quidem
1243 2092 1393 2174 Piceno
1408 2083 1588 2192 subjedio
1603 2090 1814 2172 imminet.
1841 2090 1906 2172 Ad

636 2205 743 2292 idem
768 2207 972 2328 pertinens
1000 2207 1164 2320 jugum.
1195 2202 1649 2319 aliquantoeditissimis
1681 2203 1760 2290 illis
1778 2204 1908 2290 humi·

636 2321 717 2406 lior
730 2329 784 2408 est
801 2325 859 2410 is,
891 2351 1009 2434 quem
1034 2325 1093 2409 ibi
1108 2330 1292 2412 Montem
1310 2321 1552 2407 Rotundum
1568 2320 1774 2436 appellant
1798 2381 1810 2414 ‚
1840 2325 1907 2434 qui

639 2460 773 2548 tamen
789 2436 871 2552 ipse
886 2439 978 2525 hinc
996 2440 1217 2554 longissime
1233 2438 1431 2555 prospicit
1449 2434 1530 2522 sere
1558 2467 1719 2524 omnem
1737 2434 1915 2525 Pontifi··

639 2558 714 2639 ciae
727 2554 895 2642 ditionis
910 2556 1219 2670 amplitudinem
1236 2553 1358 2669 usque
1379 2553 1428 2637 ad
1444 2557 1643 2640 Hetruriae
1662 2551 1782 2644 fines,
1815 2557 1908 2641 inde

639 2675 831 2758 Picenum
848 2701 968 2757 omne
989 2670 1208 2780 subjedium
1226 2676 1424 2790 despicit.
1459 2671 1517 2756 Eo
1534 2676 1643 2786 equis
1673 2673 1909 2758 conscendi·

640 2819 727 2874 mus
756 2791 898 2874 itinere
926 2788 1193 2878 molestissimo
1222 2794 1412 2878 horarum
1426 2791 1477 2875 ad
1506 2792 1716 2876 minimum
1743 2785 1834 2881 sex,
1865 2793 1909 2874 δι

641 2929 728 2992 erat
745 2905 884 2991 caelum
913 2906 1132 2993 admodum
1157 2907 1323 3004 sudum,
1359 2937 1406 2994 ac
1421 2907 1582 3018 quietus
1606 2937 1698 2995 aer.
1733 2910 1813 2994 Ubi
1828 2909 1909 3021 pri·

553 3029 557 3036 '
642 3051 750 3107 mum
766 3021 996 3110 advenimus
1015 3084 1026 3116 ‚
1053 3028 1098 3111 δι
1113 3029 1310 3115 minorem
1328 3025 1607 3139 expedivimus
1621 3026 1906 3138 quadrantem,

640 3139 737 3226 dum
753 3142 1095 3234 &Camerinum
1124 3173 1169 3228 ac
1190 3145 1344 3257 oppida
1370 3139 1443 3253 ipsi
1468 3143 1752 3248 circumjed'ca2
1787 3143 1910 3227 &Pi-

641 3257 731 3340 ceni
747 3258 861 3340 urbes
887 3259 1077 3341 metimur
1092 3259 1248 3351 oeulis,
1279 3262 1360 3367 jam
1374 3261 1457 3366 jam
1476 3259 1741 3345 instrumento
1758 3256 1910 3344 dimen-

641 3366 753 3463 suri,
780 3397 872 3454 ecce
902 3375 976 3458 tibi
1007 3398 1173 3486 repente
1195 3375 1338 3462 nebula
1370 3373 1565 3461 summum
1590 3398 1766 3490 occupat
1796 3403 1912 3461 mon·

642 3511 762 3580 tem,
793 3487 924 3574 &nos
955 3489 1159 3582 involvit,
1189 3519 1277 3610 quse
1305 3521 1401 3579 mour
1427 3493 1468 3573 in
1484 3490 1643 3580 densam
1667 3497 1814 3578 nubem
1843 3493 1914 3576 ad·

644 3603 880 3719 stringitur.
902 3610 1116 3720 Nunquam
1130 3613 1308 3698 acerbius
1327 3606 1523 3716 ejusmodi
1550 3608 1680 3697 casum
1700 3611 1805 3702 tuli,
1839 3640 1913 3724 op·

643 3722 901 3834 p'ortunitate
926 3721 1220 3814 observationis
1235 3727 1337 3821 adeo
1365 3724 1503 3818 utilis,
1529 3757 1622 3814 cum
1641 3753 1759 3812 tanto
1773 3726 1909 3815 labore

642 3836 830 3948 quaesita,
857 3843 902 3925 δε
919 3864 1005 3927 tum
1026 3847 1198 3931 maxime
1216 3911 1228 3938 ‚
1263 3873 1356 3928 curn
1370 3872 1417 3929 ea
1429 3847 1594 3958 potitos
1611 3875 1682 3931 nos
1698 3844 1769 3932 esse
1786 3845 1912 3931 erodi·

643 3953 853 4044 desumus,
885 3979 1049 4072 erepta.
1083 3961 1182 4046 Tres
1209 3963 1327 4048 horas
1352 3963 1488 4048 animo
1518 3964 1721 4048 obstinato
1747 3967 1912 4078 potius,

534 4117 538 4126 ·
644 4099 765 4183 quarn
788 4068 1011 4159 obfirmato
1037 4077 1078 4158 in
1097 4079 1232 4164 media
1254 4081 1357 4165 nube
1376 4083 1458 4164 acri
1485 4102 1610 4166 vento
1626 4078 1749 4166 flante
1776 4081 1913 4194 persti-

646 4192 803 4279 timus,
834 4217 965 4302 eoque
993 4197 1117 4308 magis
1145 4195 1424 4309 vanaquadam
1444 4194 1568 4284 ilteeti
1588 4193 1682 4310 spe,
1712 4199 1824 4312 quod
1845 4227 1913 4312 pa·

644 4335 735 4389 rum
751 4303 968 4391 admodum
996 4307 1097 4395 infra
1113 4341 1186 4399 nos
1198 4314 1335 4397 musto
1349 4315 1442 4402 Sole
1468 4314 1759 4404 montislatera
1786 4313 1916 4402 collu-

644 4423 765 4507 ssrata
794 4423 1162 4536 conspiciebamus.
1196 4437 1345 4516 Verum
1372 4435 1535 4517 irritam·
1560 4437 1913 4544 expectationem,

645 4543 775 4651 magis
791 4541 989 4626 obstinata
1002 4549 1169 4630 nubium
1188 4577 1303 4633 mora
1319 4546 1460 4635 eiust.
1493 4546 1691 4637 inclinata
1717 4549 1783 4636 die
1803 4606 1815 4641 ‚
1846 4551 1914 4635 de·

600 4746 609 4762 .
646 4651 910 4743 scendendum
925 4655 1032 4750 fuit,
1065 4664 1110 4746 dc
1126 4666 1193 4749 ubi
1214 4663 1353 4776 pausso
1370 4693 1440 4749 nos
1469 4661 1571 4751 infra
1585 4665 1776 4755 verticem
1789 4669 1915 4754 demi·

647 4767 760 4860 simus
775 4831 788 4868 ‚
806 4776 848 4856 in
867 4775 960 4862 Sole
972 4775 1184 4865 clarissimo
1207 4777 1404 4880 collocati
1419 4783 1632 4878 immensos
1648 4791 1697 4876 ad
1713 4788 1914 4881 Occiden-

760 4931 764 4938 ’
1780 4943 1786 4958 ’
1837 4927 1916 4994 tem
