4178 5748
643 610 702 691 94
985 585 1026 670 0
1054 587 1087 672 P
1117 584 1157 670 U
1187 583 1211 668 S
1241 585 1278 670 C
1306 585 1345 670 U
1368 583 1401 668 L
1431 585 1469 668 U
1498 585 1545 670 M

643 695 827 787 struenda
839 697 890 784 ad
910 721 1124 816 utrumque
1136 705 1219 812 ejus
1236 725 1359 814 caput
1371 729 1445 788 nos
1459 699 1738 793 consulimus,
1773 701 1818 786 dt
1832 704 1920 818 pri·

644 845 756 907 mum
781 818 945 930 quidem
969 822 1173 934 ingentem
1197 818 1314 904 illum
1339 845 1509 905 cuneum
1536 815 1732 904 delossum
1750 815 1918 936 Aprusae

642 935 875 1062 proximum
909 935 1041 1024 statim
1066 939 1310 1028 invenimus,
1346 932 1561 1022 secundum
1583 963 1656 1052 per
1682 933 1818 1051 plures
1844 935 1919 1026 ho·

551 1053 559 1058 ’
644 1083 706 1147 aas
735 1052 1026 1166 necquidquam
1054 1053 1327 1170 quesivimus,
1356 1053 1591 1168 quibusdam
1612 1079 1821 1141 arenarum
1846 1079 1920 1140 cu·

638 1170 765 1263 mulis
796 1191 1013 1255 ventorum
1041 1175 1083 1256 vi
1101 1177 1256 1288 penitus
1284 1171 1572 1286 complanatis.
1605 1173 1656 1256 Et
1678 1170 1842 1284 quidem
1866 1191 1918 1260 ex

644 1288 935 1376 remotioribus
953 1287 1111 1376 indiciis
1140 1287 1268 1378 sulcos
1282 1294 1515 1378 duxeramus
1538 1287 1698 1406 plures,
1730 1287 1828 1374 loco
1846 1287 1916 1370 de·

647 1404 735 1492 foffi
747 1405 865 1492 cunei
880 1409 940 1490 ita
953 1407 1189 1522 proximos,
1216 1431 1263 1497 ut
1275 1411 1343 1496 vix
1366 1411 1488 1498 ternis
1502 1409 1595 1492 inde
1609 1403 1772 1492 distaret
1797 1403 1916 1518 pedi·

645 1523 883 1613 bustorum
898 1549 1068 1640 margo,
1098 1553 1308 1643 cumpene
1331 1528 1413 1634 jam
1426 1522 1635 1642 desperata
1660 1519 1918 1644 perquisitio·

646 1667 698 1728 ne
719 1693 732 1729 ,
755 1668 838 1726 una
860 1670 911 1731 ex
936 1647 1071 1756 operis
1096 1642 1185 1732 casu
1202 1650 1242 1729 io
1270 1639 1402 1755 ipsum
1427 1641 1573 1732 incidit
1589 1640 1670 1725 alte
1699 1635 1916 1725 defossum,

647 1785 732 1872 quo
749 1759 917 1846 invento
932 1758 1046 1847 illico
1061 1765 1156 1849 bina
1167 1759 1274 1876 signa
1287 1761 1481 1847 Romanis
1507 1757 1586 1844 illis
1601 1753 1802 1845 finituma
1820 1779 1919 1840 con·

647 1875 741 1958 strui
762 1879 988 1963 curavimus
1003 1867 1053 1966 ad
1069 1901 1283 1994 utrumque
1296 1899 1442 1992 caput.

437 2033 636 2095 oscannum
714 2015 809 2103 173.
869 1996 951 2079 Vix
977 1995 1063 2106 ipsa
1076 1996 1182 2109 signa
1198 1998 1329 2080 ereda
1357 1991 1513 2086 fuerat,
1543 2021 1638 2082 cum
1654 2019 1708 2078 eo
1734 1985 1787 2074 ad
1805 2015 1925 2102 angu-

408 2115 526 2172 ΜΨ
547 2105 713 2193 mitulos
741 2109 959 2222 capiendos
990 2140 1064 2202 noe
1095 2111 1340 2200 contulimus
1370 2170 1383 2206 ,
1411 2113 1457 2200 δι
1485 2111 1652 2226 quidem
1678 2105 1728 2192 ad
1754 2101 1922 2222 Aprusa

409 2193 597 2267 pbaoomsoam
608 2214 640 2250 o·

412 2273 530 2344 pascum·

653 2224 801 2313 ostium
813 2254 874 2312 res
886 2225 1103 2316 admodum
1119 2226 1290 2315 feliciter
1318 2222 1495 2321 succellit
1515 2293 1523 2310 .
1556 2233 1704 2315 Verum
1717 2225 1787 2309 ubi
1806 2221 1857 2304 ad
1872 2216 1927 2306 al·

656 2365 785 2428 terum
796 2367 920 2464 caput
937 2345 1165 2437 devenimus
1182 2403 1194 2438 ‚
1226 2348 1368 2433 mirum
1385 2345 1602 2432 admodum
1618 2344 1922 2456 phaeuomenum

655 2447 693 2548 se
721 2461 837 2548 nobis
867 2461 1074 2551 exhibuit.
1107 2467 1136 2554 E
1163 2464 1310 2582 prioris
1334 2460 1431 2578 signi
1457 2458 1552 2548 loco
1576 2455 1793 2546 secundum
1821 2460 1922 2544 ocio

657 2579 939 2664 tantummodo
955 2578 1131 2696 pulsuum
1154 2578 1333 2670 millibus
1351 2579 1620 2685 disjunctum,
1652 2579 1696 2661 δι
1715 2569 1925 2690 plusquam

657 2719 714 2786 20
747 2689 887 2808 palmis
915 2698 1071 2782 editum
1099 2697 1319 2785 admodum
1351 2694 1559 2782 evidenter
1596 2689 1925 2810 conspexeramus

651 2816 792 2926 primo
807 2839 948 2900 mane.
981 2819 1062 2906 Ubi
1078 2839 1210 2906 autem
1234 2812 1284 2900 ad
1300 2815 1380 2902 hoc
1408 2811 1759 2928 secundumcaput
1784 2802 1925 2921 paullo
1969 2817 1972 2824 ’

657 2929 750 3040 poll
767 2927 971 3014 meridiem
987 2934 1241 3024 devenimus,
1273 2929 1373 3016 licet
1393 2928 1494 3016 illud
1539 2932 1687 3014 rimum
1715 2941 1928 3008 curvatura

657 3048 774 3130 maris
801 3049 817 3140 (
837 3049 946 3138 resta
958 3050 1064 3136 euim
1078 3046 1210 3138 linea,
1237 3073 1324 3160 quae
1339 3048 1473 3138 binab
1510 3075 1542 3130 ts
1558 3045 1696 3157 capita
1713 3039 1927 3152 conjunge·

657 3165 728 3252 bat
742 3165 839 3246 octo
856 3165 1021 3249 circiter
1048 3163 1224 3254 millibus
1241 3163 1362 3277 longa
1377 3219 1389 3253 ‚
1407 3159 1524 3276 supra
1546 3163 1662 3250 maris
1679 3161 1850 3244 tractum
1865 3159 1927 3238 in·

659 3301 820 3401 gentem
841 3281 1155 3387 traducebatur)
1185 3285 1225 3365 in
1241 3310 1292 3366 eo
1307 3276 1525 3367 intervallo
1543 3277 1675 3370 multo
1688 3279 1772 3388 ejus
1790 3273 1931 3362 altitu·

660 3396 754 3476 dine
774 3393 910 3478 minor
923 3393 1131 3482 occultare
1146 3425 1228 3482 non
1242 3395 1399 3509 pollet,
1431 3419 1517 3481 erat
1542 3399 1648 3480 enim
1666 3395 1813 3506 viginti
1843 3387 1930 3503 pal-

660 3515 734 3604 mis
753 3509 954 3594 elevatum
969 3513 1009 3596 id
1024 3515 1170 3607 etiam3
1187 3516 1315 3600 adhuc
1333 3533 1465 3602 tamen
1484 3510 1706 3625 telescopio
1722 3508 1771 3594 ad
1788 3506 1929 3594 locum

657 3624 816 3744 ipsum,
847 3655 967 3749 quem
994 3632 1150 3745 optime
1166 3658 1427 3722 noveramus,
1447 3633 1631 3722 disemo,
1661 3621 1931 3750 respondebat

657 3769 791 3840 autem
818 3743 914 3828 loco
943 3749 1196 3834 Ariminenfis
1222 3772 1366 3860 portus
1390 3753 1583 3868 proximo
1609 3747 1760 3834 adibas
1799 3799 1811 3836 2
1857 3743 1930 3824 in:

654 3866 826 3978 quibus,
854 3889 942 3976 quae
968 3867 1018 3950 ad
1042 3863 1312 3952 valetudinem
1328 3895 1350 3952 a
1368 3864 1603 3989 pestilentiae
1619 3885 1730 3953 metu
1755 3860 1930 3946 liberan-

655 3986 748 4068 dam
763 3981 995 4092 pertinent,
1026 3987 1155 4068 curari
1172 3981 1328 4074 solent,
1361 3982 1553 4099 nusquam
1572 3987 1745 4076 omnino
1765 4003 1931 4100 appare·

658 4105 753 4192 bat.
776 4104 920 4184 Verum
934 4101 1057 4186 etiam
1069 4101 1214 4188 aedium
1232 4100 1414 4216 superior
1432 4102 1720 4190 tantummodo
1733 4123 1851 4214 pars,
1874 4112 1932 4176 at-

655 4247 735 4331 que
761 4245 808 4299 ea
823 4212 907 4329 ipsa
923 4220 1069 4308 mirum
1084 4219 1125 4300 in
1141 4219 1305 4308 modum
1332 4225 1542 4314 coarctata
1556 4218 1762 4310 visebatur
1782 4269 1793 4308 a
1822 4215 1930 4302 ut&

657 4331 745 4422 vela
760 4335 894 4416 omnia
910 4340 1068 4420 navium
1081 4338 1119 4420 in
1139 4361 1264 4451 portu
1279 4339 1586 4426 constitutarum
1603 4393 1614 4428 ,
1647 4360 1820 4452 quorum
1838 4329 1934 4449 plu·-

660 4451 767 4536 rima
797 4443 969 4562 expansa
994 4453 1349 4544 distendebantur,
1381 4452 1607 4544 deformata
1632 4454 1793 4570 penitus
1812 4477 1932 4566 appa·

662 4569 830 4653 rebant.
865 4568 944 4651 Rei
964 4573 1148 4657 novitate
1179 4567 1409 4684 perculsus,
1442 4570 1584 4656 scalam
1612 4572 1774 4659 admovi
1804 4565 1927 4655 trabi*

663 4691 737 4773 bus
752 4678 1002 4798 ipfiusfigni‚
1034 4689 1145 4791 cujus
1157 4716 1249 4772 eum
1270 4685 1428 4802 aliquot
1442 4685 1751 4776 conscendissem
1765 4687 1930 4802 gradus,

664 4800 889 4917 telescopio
907 4805 949 4886 in
975 4803 1112 4890 locum
1125 4807 1307 4908 disemo,
1339 4804 1530 4920 conspexi
1552 4809 1672 4923 telam
1688 4803 1785 4920 figni
1800 4813 1933 4922 Apru-

1852 4921 1931 5010 sani
