4178 5748
655 599 708 672 80
1001 575 1560 665 OPUSCULUM

650 700 823 786 fuimus,
854 693 1082 805 &perenne
1110 692 1335 776 litterarum
1361 697 1610 780 comercium
1636 689 1875 778 retinuimus
1894 701 1911 786 ,'

646 821 715 902 ubi
733 815 763 899 is
777 816 818 894 in
835 815 1010 928 patriam
1034 803 1185 898 redux,
1214 812 1405 894 Uraniam
1419 808 1542 924 ipsam
1560 812 1601 893 in
1628 806 1713 893 suas
1727 809 1828 893 aecles
1842 812 1913 898 de·

646 933 794 1022 duxit,
829 926 1031 1042 descripta
1056 927 1274 1012 meridiana
1299 925 1436 1017 linea,
1468 927 1716 1042 comparatis
1748 925 1916 1012 telesco·

643 1051 752 1166 piis,
784 1049 1000 1132 &minere
1026 1045 1215 1158 quidem,
1244 1039 1312 1128 sed
1338 1040 1430 1128 satis
1457 1067 1646 1130 accurato
1662 1042 1910 1157 quadrante,

643 1198 689 1253 ac
706 1161 927 1276 horologio
950 1159 1234 1249 oscillatorio‚
1265 1189 1437 1272 quorum
1462 1161 1817 1246 instrumentorum
1833 1191 1912 1276 opo

643 1289 690 1371 δι
702 1275 1004 1368 observationes
1015 1277 1153 1364 habuit
1167 1276 1299 1390 plures
1315 1272 1576 1396 ,Eccliplium
1589 1279 1630 1359 in
1644 1279 1784 1390 primis
1800 1345 1809 1362 .
1824 1271 1912 1366 Nee

645 1405 692 1488 iis
710 1395 997 1486 tantummodo
1012 1394 1148 1483 studiis
1174 1391 1420 1486 delectatus,
1449 1393 1634 1508 exemplo
1650 1390 1814 1508 Josephi
1839 1392 1915 1482 fra·

646 1521 720 1603 tris
738 1514 965 1604 Canonici‚
996 1535 1044 1598 ut
1057 1535 1236 1603 vocant,
1263 1509 1435 1596 Basilicas
1449 1513 1501 1596 D.
1519 1513 1659 1600 Petri,
1688 1514 1732 1594 ὃ(
1746 1515 1913 1596 Vatica-

650 1638 694 1717 ni
709 1631 860 1716 ar'chivi
883 1632 1084 1721 custodis,
1113 1631 1183 1742 qui
1200 1654 1288 1714 tam.
1298 1628 1427 1712 multa
1443 1627 1494 1712 ad
1518 1628 1770 1740 omnigenam
1787 1625 1916 1742 potis·

646 1747 785 1834 simum
817 1749 1070 1860 antiquitatis
1095 1746 1365 1832 eruditionem
1388 1746 1635 1860 pertinentia
1652 1744 1761 1858 typis
1784 1745 1913 1831 edidit

649 1893 722 1980 per
743 1885 872 1950 totam
889 1863 1127 1950 litterariam
1154 1863 1443 1976 rempublicam
1468 1859 1715 1950 notissimus,
1747 1861 1789 1942 in
1807 1883 1917 1948 vete-

521 1986 541 2065 ’.
652 2009 716 2067 res
731 1981 919 2072 codices,
948 1983 993 2065 δε
1009 2009 1189 2066 nummos
1204 1981 1375 2094 inquirit
1389 1974 1707 2092 diligentissime.

519 2179 604 2233 ,Ν
693 2131 695 2136 ·
718 2127 808 2197 147.
869 2100 907 2181 ls
934 2097 1086 2210 igitur,
1118 2125 1209 2182 cum
1238 2097 1278 2178 in
1303 2095 1438 2182 nostro
1462 2091 1698 2180 Ariminensi
1724 2095 1916 2208 Collegio

407 2189 633 2332 „l'ssl‘h'ni'
653 2211 786 2299 nullus
803 2209 1059 2299 observandis
1087 2211 1273 2301 sideribus
1303 2216 1502 2326 proximis
1529 2214 1671 2298 vertici
1692 2211 1805 2295 locus
1825 2211 1919 2298 effer

407 2334 636 2428 ‘enemim‘
655 2333 849 2420 idoneus,
881 2325 1024 2443 sponte
1037 2361 1110 2417 nos
1125 2332 1175 2413 ad
1202 2332 1302 2413 aedes
1317 2329 1487 2412 deduxit
1502 2324 1611 2416 suas,
1643 2331 1687 2412 bc
1706 2325 1772 2411 sua
1785 2333 1916 2412 omnia

406 2414 619 2486 ‘'l‘llm‘m'
653 2449 914 2532 instrumenta
942 2445 1209 2532 humanissime
1228 2447 1441 2534 exhibuit,
1474 2445 1674 2554 inquibus
1701 2447 1913 2527 omnium„

653 2567 823 2652 maxime
840 2561 1099 2676 horologium
1117 2558 1409 2649 oscillatorium
1422 2560 1747 2643 Astronomicum
1765 2619 1777 2652 ,
1808 2562 1919 2674 quod

656 2680 753 2766 alibi
768 2683 942 2764 invenire
960 2708 1204 2794 nequaquam
1220 2674 1417 2768 licuisset,
1448 2699 1727 2790 opportunum
1746 2673 1823 2762 suit
1840 2732 1851 2766 ‚
1869 2705 1917 2760 ne

657 2801 702 2882 δε
717 2790 844 2909 ipsum
860 2825 1094 2906 cogeremur
1107 2823 1156 2879 ex
1167 2798 1275 2892 Urbe
1288 2793 1500 2879 advehere.
1521 2797 1608 2880 Nec
1622 2789 1712 2875 satis
1729 2795 1770 2876 id
1785 2791 1916 2906 ipsum

598 2963 601 2969 ·
658 2913 826 2998 habuit:
857 2916 1041 2998 omnibus
1062 2909 1140 2998 sere
1159 2909 1312 3025 semper
1331 2909 1678 2996 observationibus
1705 2908 1919 3004 interfuit,

656 3057 731 3113 nos
756 3031 800 3111 dc
815 3029 1023 3121 Arimini,
1052 3029 1148 3112 dum
1172 3025 1774 3114 observationesAstronomicae
1805 3055 1922 3140 pera·

655 3167 844 3262 gerentur
872 3147 1107 3260 intempesta
1124 3151 1271 3233 nodie,
1301 3141 1363 3228 vel
1386 3139 1540 3228 summo
1555 3169 1697 3235 mane,
1730 3147 1774 3228 δε
1793 3145 1921 3227 inFe·
2015 3152 2019 3158 '

653 3262 803 3345 retrani
830 3264 979 3344 montis
1008 3262 1165 3374 oppido
1192 3263 1319 3346 totius
1333 3261 1557 3345 Provinciae
1580 3261 1746 3371 capite,
1771 3261 1915 3344 dicunt
2030 3347 2032 3356 A

655 3371 830 3462 Pennadi
846 3377 963 3466 Billi,
984 3381 1024 3460 in
1048 3375 1129 3460 luas
1144 3379 1304 3490 excepit
1319 3377 1449 3469 aedes,
1479 3373 1647 3466 &laute
1672 3375 1921 3462 admodum,

658 3519 704 3577 ac
719 3487 923 3604 splendide
946 3551 955 3584 ‚
989 3497 1034 3578 ὅ(
1055 3490 1266 3599 nobiscum
1278 3499 1498 3606 Carpegnae
1526 3512 1701 3576 montem
1718 3493 1766 3576 ad
1788 3490 1926 3577 obser·

658 3609 839 3696 vationes
862 3611 977 3694 rebus
996 3606 1230 3721 compositis
1244 3609 1440 3695 habendas
1455 3609 1609 3699 adivit,
1640 3609 1789 3694 ibidem
1806 3636 1921 3696 com-

657 3747 867 3816 moratus,
895 3752 940 3808 ac
963 3731 1004 3809 in
1024 3727 1199 3812 nostrum
1226 3724 1339 3812 usum
1365 3726 1652 3841 geographicas
1670 3721 1922 3812 observatio-

657 3851 730 3924 nes
758 3841 934 3928 instituit
964 3843 1182 3958 plurimas,
1214 3847 1259 3930 δι
1293 3842 1442 3928 ad'nos
1468 3847 1647 3928 Romam
1676 3838 1917 3932 transmisse,
1979 3917 1988 3938 .

657 3985 752 4071 quas
767 3960 874 4040 inter
887 3957 1045 4044 Sarsrnae
1067 3953 1242 4072 posrtum
1263 3957 1477 4047 definivit,
1509 3987 1631 4070 quam
1654 3961 1818 4071 quidem
1835 3961 1924 4042 uni·

572 4136 578 4148 .
659 4101 749 4156 cam
764 4069 988 4160 Pontificiae
1010 4076 1181 4160 ditionis
1196 4079 1338 4164 urbem
1354 4079 1408 4161 irn
1427 4076 1568 4164 mediis
1581 4079 1786 4164 montibus
1814 4074 1925 4161 abdi·

662 4215 745 4273 tam
773 4192 911 4276 nostris
941 4221 1013 4280 nos
1036 4189 1385 4289 observationibus
1411 4221 1660 4308 nequaquam
1680 4193 1925 4279 determina-

662 4308 817 4397 vimus,
837 4308 918 4412 ejus
931 4310 1130 4394 industriae
1144 4309 1275 4396 nihilo
1292 4311 1421 4395 minus
1433 4309 1616 4400 fidentes,
1636 4339 1754 4427 quam
1770 4309 1924 4395 nollrae.

424 4485 479 4531 m,
503 4472 648 4529 ,mmm-2
729 4439 820 4524 148.
882 4426 935 4506 lis
954 4427 1183 4512 constitutis
1203 4424 1407 4514 Pisaurum
1423 4426 1579 4544 regressi
1594 4424 1752 4518 sumus,
1784 4431 1828 4514 de
1843 4427 1927 4540 pri·

424 4551 523 4646 {ude
535 4553 731 4646 *triba-mo
744 4541 908 4655 quidem
923 4545 1029 4654 apud
1041 4547 1308 4656 scoppanum
1320 4541 1524 4629 Praefidem
1542 4605 1554 4638 ,
1587 4571 1672 4630 tum
1687 4543 1843 4658 ingenti
1855 4571 1926 4628 no·

423 4631 599 4687 ¹²⁵⁰¹¹w¹¹⁰
661 4659 936 4746 bilillimorum
952 4658 1160 4771 hospitum
1183 4661 1422 4744 adventante
1440 4666 1585 4754 turba,
1617 4664 1722 4776 apud
1750 4661 1925 4750 celeber-

662 4779 839 4870 simum,
858 4803 917 4860 ac
934 4773 1352 4884 dodlillimumuirum
1360 4779 1603 4865 Annibalem
1615 4779 1841 4882 Oliserlum
1852 4783 1924 4874 ra-

591 4911 599 4926 ·
1854 4896 1925 4984 tri·
