4132 5766
530 627 569 724 U
628 647 667 721 A
727 641 769 722 R
828 633 863 721 T
922 641 961 722 U
1021 642 1084 722 M.
1167 735 1169 743 A
1303 664 1387 744 257

146 755 194 844 ad
204 743 414 870 'appulsum
427 643 499 840 al}
487 755 750 869 posteriorem
765 785 776 846 ;
790 755 1010 840 habebatur
1021 761 1234 868 pontium,
1251 759 1390 872 inquo

142 874 320 960 meridies
347 874 613 985 contigerat3
642 871 753 985 quod
773 875 968 986 pune‘ium
994 875 1119 957 etiam
1150 879 1287 987 caeteri
1321 907 1391 992 ap·
1523 981 1525 984 Ι

141 987 269 1104 pulsus
284 991 333 1076 ad
346 1013 510 1075 caeteras
523 993 648 1075 netas
661 987 980 1076 confirmabant.
1010 993 1067 1072 Eo
1081 997 1234 1106 pundlo
1253 995 1392 1080 inven—
1416 1007 1420 1016 '

142 1105 464 1222 to,&pendulo
478 1107 625 1194 iterum
638 1103 807 1192 demill'o
830 1135 880 1193 er
893 1131 1037 1193 centro
1064 1106 1297 1204 foraminis,
1324 1141 1394 1200 ex·

143 1225 384 1312 tendebatur
398 1219 542 1314 filum,
567 1222 677 1337 quod
691 1222 911 1335 pendulum
921 1222 1053 1340 ipsum
1071 1225 1396 1340 perroderet',&
1424 1242 1427 1251 '

141 1342 267 1458 perid
281 1347 476 1455 punctum
492 1337 690 1436 transiret,
703 1343 748 1425 dc
761 1338 1000 1458 alligabatur
1011 1345 1115 1429 binis
1130 1342 1264 1429 ferreis
1284 1351 1395 1433 uncis

142 1455 275 1544 infixis
291 1461 332 1540 in
351 1453 552 1571 opposrtis
569 1459 818 1572 parietibus,
848 1463 890 1542 in
914 1461 1059 1572 quibus
1088 1465 1199 1545 tenui
1226 1463 1398 1550 incisura

143 1575 391 1661 ducebantur
406 1573 588 1664 lineolae,
620 1603 706 1690 quae
722 1573 972 1662 debitamfili
990 1575 1227 1690 politionem
1254 1579 1398 1666 defini·

141 1717 228 1778 rent
245 1749 272 1785 ‚¹
289 1689 339 1773 ad
364 1691 475 1804 quod
500 1685 612 1776 filum
642 1717 713 1802 per
737 1689 893 1804 easdem
918 1691 1084 1778 lineolae
1117 1693 1269 1782 tensum
1300 1695 1401 1784 inse·

139 1809 356 1922 quentibus
370 1807 505 1891 diebus
518 1809 601 1911 jam
611 1809 831 1895 habebatur
850 1810 1071 1895 meridiana
1090 1808 1194 1897 linea
1215 1814 1264 1896 ad
1285 1843 1403 1900 accu-

139 1944 274 2010 ratam
315 1922 497 2007 meridiei
530 1926 916 2012 determinationem
942 1925 1135 2040 aptillrma
1175 1995 1185 2013 .
1220 1931 1398 2036 Ejusmo-

141 2043 185 2127 di
217 2045 344 2156 igitur
361 2041 505 2122 lineam
534 2037 692 2126 'filarem
718 2038 967 2129 definivimus
999 2045 1040 2126 in
1057 2041 1146 2156 ipso
1165 2050 1401 2160 Garampia·

145 2171 296 2245 narum
326 2157 470 2242 aedium
497 2152 632 2247 loco,
673 2160 717 2243 &
752 2155 825 2273 ipfi
848 2154 1083 2275 parallelam
1112 2167 1297 2248 duximus
1330 2158 1400 2248 sub

142 2275 326 2363 fediote.
1416 2299 1420 2306 '

212 2386 548 2504 131.'Dispos1to
577 2391 705 2482 limbo
729 2423 775 2480 ea
800 2397 959 2482 ratione
988 2400 1071 2486 ita,
1101 2423 1148 2482 ut
1175 2395 1555 2516 meridianaeffisffla„
1572 2438 1652 2494 unu

142 2509 263 2594 lineae
278 2508 455 2624 pofitum
470 2505 704 2710 obtinssjm
728 2536 814 2598 tum
829 2543 926 2598 vero
941 2515 1197 2630 praestabatur
1215 2513 1315 2599 illud
1331 2575 1342 2608 ,
1357 2519 1544 2614 ut'a⁸¹⁸‚¹¹f¹²
1566 2517 1650 2610 ‘llll

145 2629 273 2712 etiam
293 2627 335 2708 in
349 2623 473 2740 plano
487 2631 616 2712 vertic
658 2631 672 2710 i
698 2631 848 2734 jaceret
878 2626 1044 2716 serioris
1072 2631 1264 2744 planum,
1292 2595 1652 2743 quodm‘m'm‘*

144 2743 312 2858 quidem
326 2739 449 2829 fiebat
483 2739 624 2826 facile.
657 2750 764 2830 Nam
789 2745 902 2828 lilum
931 2747 1096 2858 penduli
1126 2749 1206 2829 CM
1231 2742 1367 2858 figurae
1390 2777 1409 2833 1

145 2857 442 2948 tenuillimum·‚
467 2879 512 2941 ut
524 2855 666 2971 capilli
679 2862 800 2944 etiam
821 2867 1059 2945 tenuitatem
1083 2858 1300 2973 superaret,
1315 2860 1411 2950 leri·

144 3005 241 3061 cum
256 2977 427 3062 crudum
443 2973 570 3062 libere
583 2973 893 3062 demittebamus
908 3033 918 3066 ‚
936 2973 1152 3064 &fulchro
1170 2973 1378 3090 suppofito
1398 3037 1411 3071 ,

142 3121 246 3176 cum
265 3113 388 3208 cyato
406 3119 505 3203 aqua
519 3091 642 3205 pleno
659 3152 671 3184 ,
690 3095 731 3174 in
744 3094 856 3205 quod
865 3088 1163 3291 pondusculum
1179 3091 1411 3208 plumbeum

141 3208 444 3290 immitteretur
461 3267 471 3298 ,
487 3204 702 3293 sustinebat
716 3232 850 3293 autem
895 3207 976 3292 lum
994 3207 1121 3321 ipsum
1136 3209 1177 3290 in
1196 3237 1295 3321 aqua
1307 3239 1413 3324 pon-

147 3325 232 3408 dus
257 3349 338 3405 non
372 3323 430 3406 ita
445 3319 564 3415 leve,
588 3349 672 3436 quo
698 3324 740 3408 id
752 3323 914 3436 quidem
946 3328 1115 3410 maxime
1145 3327 1409 3413 tendebatur.

147 3434 271 3524 Scala
297 3436 431 3551 lignea
442 3435 588 3523 sectori
617 3441 812 3554 proxima
836 3438 974 3543 aderat
992 3497 1003 3530 ‚
1024 3469 1097 3554 per
1121 3470 1239 3554 quam
1272 3440 1414 3530 liceret

143 3553 386 3643 ascendere,
418 3557 462 3639 δι
481 3553 692 3669 explorare
718 3585 766 3640 an
784 3556 827 3642 id
852 3557 1044 3668 penderet
1058 3585 1107 3643 ex
1119 3555 1204 3672 ipsa
1233 3583 1415 3644 extrema

147 3701 246 3756 acus
261 3668 428 3782 cuspide
445 3699 574 3785 prope
590 3671 719 3786 ipsum
735 3670 900 3756 lamellae
919 3671 1215 3788 aurichalchicae
1233 3671 1424 3786 planuma'

148 3817 201 3874 an
214 3788 453 3900 quidpiam,
482 3809 527 3869 ut
543 3815 692 3872 orauere
708 3790 787 3873 tela
799 3785 931 3900 aliqua
948 3844 960 3876 ‚
987 3789 1050 3872 vel
1066 3787 1175 3874 aliud
1189 3784 1385 3896 ejusmodi
1401 3813 1421 3883 ,“

153 3905 323 3989 ἀιιᾶιιιη
356 3907 438 4009 ejus
455 3905 699 4017 impediret,
730 3935 778 3989 an
797 3904 962 4017 aliquod
983 3907 1064 4012 ejus
1078 3902 1188 3991 filum
1217 3899 1419 3994 mansuer-³

148 4017 240 4104 sum
259 4043 381 4104 tenue
396 4022 437 4101 in
457 4021 636 4135 regulam
665 4019 857 4134 ferream,
887 4021 951 4105 vel
966 4021 1272 4108 aurichalchicaa
1301 4017 1419 4138 lami-v

6 4215 7 4246 ζ
146 4162 224 4219 naa
236 4140 456 4222 incurreret
480 4168 490 4229 ;
522 4165 568 4220 ac
583 4139 882 4252 impedimentis
896 4143 1082 4225 omnibus
1100 4137 1262 4224 sublatis
1277 4138 1423 4252 obser·'

7 4321 8 4326 i
144 4251 338 4336 nubamus
370 4281 418 4334 an
430 4251 549 4337 filum.
568 4251 695 4367 ipsum
709 4277 808 4370 pene
835 4255 1003 4340 limbum
1028 4257 1287 4367 peruaderet,
1316 4285 1411 4372 pro·

148 4367 284 4452 motis
301 4367 475 4452 c'oebltir
504 4367 857 4460 fifortedillaret2
884 4373 1065 4455 retractis
1092 4365 1118 4452 sr
1153 4369 1419 4482 iplradhaere-·

6 4483 10 4578 J
148 4504 220 4568 ret
238 4541 250 4574 ‚
267 4479 460 4598 'utrique'
475 4488 664 4570 nimirum
691 4484 896 4600 aqualiter
912 4501 930 4574 ,’
951 4513 1035 4598 quo
1045 4492 1168 4598 padio
1185 4483 1331 4579 fiebat,
1360 4509 1406 4572 ut

6 4597 10 4698 J
143 4601 381 4686 directione
396 4601 512 4688 limbi
529 4600 625 4686 nihil
640 4624 822 4691 mutata,
853 4595 1002 4716 politus
1028 4601 1227 4688 verticalis
1253 4605 1421 4689 habere-¹

6 4722 13 4820 ,ᾖ
145 4718 512 4805 turaccuratillrme
530 4780 540 4803 .
556 4721 614 4802 Eo
634 4740 768 4803 autem
783 4717 942 4802 demum
957 4720 1135 4832 praestito
1153 4774 1165 4807 ,
1192 4717 1318 4800 adhuc
1334 4717 1424 4828 ite-j

145 4863 237 4920 rum
264 4834 395 4923 oculo
419 4834 539 4952 supra
563 4833 734 4921 limbum
760 4831 971 5036 etklltpcato
995 4836 1079 4938 ejus
1106 4834 1423 4943 congruentiam

286 4969 289 4976 ·
1317 4975 1410 5033 cum
