4256 5730
527 565 592 647 ,Ρ
648 563 690 644 R
748 562 768 642 1
826 559 872 644 M
930 563 975 644 U'
1027 559 1106 646 ΜΣ
1412 581 1463 674 31

208 681 433 796 eis'gradus
464 675 623 764 definiri
660 702 843 766 curent,
889 679 1000 792 quod
1026 675 1192 792 quIdcm
1224 677 1273 764 ad
1306 671 1463 794 ipsuum

207 799 375 886 Telluris
406 795 576 912 figuram
615 795 958 882 determinandam
985 795 1234 882 utilissimum
1266 795 1351 884 sore
1390 826 1465 912 pu·
1566 833 1571 838 ·

206 940 282 1004 to.
315 921 423 1004 Nam
446 907 739 1026 inaequalitates
765 941 847 1004 eae,
877 939 964 1029 quae
998 917 1182 1000 oriantur
1211 919 1261 1001 ab
1293 919 1468 1030 inaequa-

206 1031 485 1150 lipofitionc‚
517 1035 561 1117 ὃ(
574 1026 769 1120 densitate
782 1037 964 1145 partium
983 1031 1116 1115 Terrae
1131 1027 1354 1148 superficiei
1371 1063 1469 1148 pso.

207 1151 410 1236 ximarum
426 1207 438 1240 ‚
452 1145 528 1234 five
542 1143 662 1262 supra
672 1173 760 1232 eam
778 1172 920 1237 extent
938 1207 950 1240 ‚
981 1171 1027 1236 ut
1046 1169 1203 1234 montes
1221 1207 1231 1238 ‚
1251 1154 1296 1238 dc
1311 1149 1436 1238 colles¹
1454 1213 1467 1250 ,

206 1257 407 1354 fiveiufra
433 1261 559 1382 ipsam
583 1261 845 1358 delitescant,
877 1265 1112 1380 irregulares
1130 1263 1341 1356 Cumfissts
1372 1270 1469 1359 tlibi

208 1383 453 1468 contrahent
466 1378 687 1469 mensuram
701 1383 859 1496 gradus,
875 1385 969 1474 alibi
985 1383 1214 1500 producent
1227 1447 1237 1472 .
1252 1386 1313 1470 Ac
1328 1391 1471 1502 proin-

208 1497 301 1596 defi
318 1502 423 1586 inter
437 1495 650 1616 plerosque
674 1505 885 1612 proximos
900 1501 1111 1588 assumatur
1127 1499 1279 1590 medius
1294 1503 1437 1620 aliquis
1456 1561 1469 1596 ,

210 1639 258 1702 ut
275 1620 424 1728 ubique
442 1619 483 1700 io
501 1617 797 1706 Astronomicis
811 1617 1153 1708 observationibus
1169 1613 1255 1705 sieri
1273 1615 1392 1712 solet,
1409 1649 1473 1705 er·

214 1759 330 1820 rores
346 1732 417 1848 ipsa
431 1729 466 1816 se
480 1735 690 1845 corrigent
706 1799 715 1818 .
747 1733 853 1823 Tum
869 1737 1009 1836 mediis
1025 1731 1131 1818 hisce
1148 1733 1341 1848 graduum
1363 1725 1472 1824 men-

215 1844 315 1932 suris
332 1851 438 1936 inter
454 1845 490 1933 se
503 1845 665 1935 collatis
683 1905 695 1938 2
729 1852 929 1941 constabit
951 1855 1032 1961 jam
1045 1851 1095 1936 de
1108 1873 1323 1936 curvatura
1338 1849 1475 1937 Tellu'·

153 1997 158 2010 ·
213 1965 269 2048 ris
286 1964 442 2056 inlotis
457 1964 639 2082 pluribus
655 2022 669 2055 2
701 1997 723 2050 a
743 1963 782 2049 se
797 1969 941 2053 itidem
952 1967 1121 2052 remotis
1137 2023 1150 2058 ‚
1181 1993 1232 2052 ex
1251 1996 1331 2082 qua
1347 1971 1472 2052 etiam

209 2077 298 2172 sola
322 2081 551 2170 innotescet
577 2085 816 2169 constitutio
843 2082 1072 2206 superfeciei
1085 2083 1292 2172 Terrestris
1309 2085 1351 2171 in
1370 2081 1473 2170 locis

210 2197 264 2282 iis
277 2195 395 2310 ipfis,
427 2201 498 2316 qui
510 2200 591 2308 jam
607 2202 745 2312 ingens
773 2199 827 2287 est
845 2199 1020 2294 fracture
1051 2227 1096 2286 ac
1110 2195 1137 2283 li
1151 2225 1342 2313 praeterea
1357 2221 1472 2285 certa

202 2310 348 2426 aliqua
361 2338 667 2403 curvaturarum
686 2317 866 2404 omnium
884 2321 1112 2406 inveniatur
1129 2314 1193 2402 lex
1212 2373 1226 2407 ‚
1257 2318 1400 2405 licebit
1415 2320 1473 2399 in·

200 2427 259 2522 de
279 2434 323 2514 in
355 2430 479 2550 ipsam
517 2435 751 2524 intimarum
767 2430 900 2518 Terrae
931 2435 1109 2550 partium
1137 2435 1472 2521 constitutionem

92 2628 101 2638 .
176 2560 178 2569 '
204 2547 412 2662 inquirere
431 2615 441 2634 .
458 2552 607 2635 iterata
624 2547 954 2638 observationum
969 2551 1230 2664 repetitione,
1250 2553 1295 2636 ὅτ
1309 2547 1473 2665 Physica
1492 2603 1502 2624 „

206 2661 417 2755 universa,
451 2662 743 2784 &singillatim
764 2667 1026 2758 Astronomia
1039 2664 1283 2788 perficienda
1299 2667 1381 2759 est,
1413 2687 1473 2752 at·

201 2781 585 2899 queGeographia.

129 2925 133 2930 ·
275 2910 344 2986 62.
407 2901 470 2986 Est
485 2923 619 2986 autem
634 2904 730 2990 mihi
745 2902 837 2989 satis
851 2895 984 2990 valida
1010 2903 1265 3008 conjectura,
1296 2927 1377 3012 qua
1410 2893 1472 2983 su·
1527 2969 1705 3028 0⁰an
1752 3007 1757 3016 1

202 3008 375 3126 spicor,
391 3014 699 3131 inaequalitatem
712 3021 874 3104 omnem
893 3072 904 3104 2
921 3038 1042 3128 atque
1057 3013 1476 3130 irregularitatemha·
1491 2989 1609 3116 attala
1648 2987 1722 3106 sixti

203 3131 302 3216 heri
316 3159 401 3218 non
413 3135 458 3212 in
471 3134 626 3217 intimis
638 3135 775 3216 Terrae
799 3129 1040 3221 visceribus,
1072 3127 1140 3214 sed
1165 3157 1296 3244 prope
1312 3125 1476 3242 superli-
1491 3126 1723 3258 ‘'ffiss'm‘sgft

206 3247 553 3361 ciemapartibus
566 3241 812 3358 potissumum
825 3241 942 3358 supra
953 3240 1078 3358 ipsam
1090 3243 1346 3335 extantibus,
1379 3218 1636 3360 prositis
1658 3221 1723 3281 ω

197 3389 401 3476 pequam
418 3364 600 3474 ingentes
613 3355 736 3448 etiam
750 3359 851 3476 saepe
864 3362 1206 3448 commutationes
1220 3360 1351 3449 liunt.
1371 3367 1474 3448 Nam

208 3477 318 3562 illud
338 3475 454 3564 facile
483 3478 744 3566 demonstrari
763 3479 922 3592 potest,
954 3474 1267 3593 inaequalitatem
1299 3480 1478 3564 materiae

208 3593 441 3708 superficiei
461 3598 689 3708 proximae,
720 3623 810 3707 quae
837 3595 1059 3684 marimum
1082 3622 1263 3681 errorem
1290 3596 1476 3682 inducere

211 3710 335 3826 poffit
351 3714 393 3798 in
412 3711 607 3824 graduum
636 3711 861 3800 mensuras,
892 3709 1055 3796 candem
1101 3739 1273 3822 erquam
1291 3715 1478 3825 exiguum

212 3831 411 3943 parerein
440 3826 697 3942 longitudine
724 3739 1116 3946 penduliadfingula
1140 3832 1296 3917 minuta
1308 3827 1478 3928 secunda

214 3941 473 4038 oscillaotis,
503 3973 582 4056 qua
607 3950 650 4030 in
662 3949 903 4059 gravitatem
935 3947 1197 4060 inquirimus.
1227 3946 1478 4032 contrarium

217 4065 546 4153 sunamidem,
577 4059 696 4150 fialte
721 4059 824 4150 iufra
847 4059 1099 4176 superficiem
1118 4064 1366 4182 inaequalitas
1392 4055 1478 4174 ipsa

214 4177 458 4268 demersastt
478 4240 489 4272 ‚
526 4208 612 4296 quae
625 4183 777 4270 ibidem
791 4179 862 4265 effe
881 4182 1004 4266 etiam
1018 4179 1161 4266 debeat
1175 4181 1307 4268 multo
1320 4179 1474 4285 major.

220 4297 330 4381 Nam
346 4327 461 4386 mous
474 4301 543 4412 qui
559 4299 611 4384 ad
626 4298 729 4385 latus
742 4302 872 4409 jaceat
887 4355 898 4389 ²
931 4291 1145 4409 &sphaerae
1157 4295 1395 4413 aequivalere
1409 4294 1479 4377 ha·

215 4409 334 4494 beuti
346 4445 422 4528 pro
441 4414 748 4504 semidiametro
774 4437 956 4530 quartam
978 4417 1268 4502 tantummodo
1297 4406 1478 4502 milliarii

209 4549 409 4638 -partemt
439 4563 485 4619 ac
514 4531 732 4648 pendulum
757 4535 819 4618 uti
841 4534 1012 4620 diximus
1037 4555 1083 4634 Ῑς
1113 4535 1276 4624 circiter
1302 4534 1479 4622 secundis

209 4641 417 4740 defleuit,
430 4654 738 4768 quingentarum
753 4651 834 4737 sere
846 4650 1139 4764 hexapedarum
1152 4651 1329 4738 errorem
1345 4651 1479 4766 pariet

207 4763 255 4848 iu
270 4766 388 4852 unius
411 4771 558 4885 gradus
576 4768 788 4863 mensura,
820 4767 847 4856 fi
875 4765 1127 4886 duplicetur.
1161 4775 1220 4855 At
1236 4767 1345 4861 idem
1368 4765 1479 4858 ¹obli-

1268 4949 1274 4961 ι
1401 4911 1477 5006 que
