4144 5784
655 573 743 664 482
980 563 1021 646 0
1050 563 1081 646 P
1113 557 1152 650 U
1181 562 1206 644 S
1236 561 1272 646 G
1300 563 1341 646 U
1368 562 1401 646 L
1428 561 1470 644 U
1501 559 1550 645 M

656 679 748 766 darn
763 677 870 762 circa
885 679 1094 792 proprium
1115 706 1231 764 axem
1252 731 1265 766 ,
1293 675 1608 788 &concipiatur
1623 673 1916 794 sediioquaeris

658 823 732 910 per
759 821 897 885 axem,
926 821 1013 906 quae
1040 797 1082 876 in
1097 787 1187 880 casu
1201 790 1376 896 Telluris
1399 789 1623 907 appellatur
1638 793 1918 890 meridianus,

660 939 707 996 ea
724 913 803 998 erit
818 909 1147 1028 aequalissemper
1167 938 1298 998 cutvae
1322 910 1541 1026 genitrici,
1570 911 1617 1004 dt
1641 918 1916 998 omnesrediae

659 1025 1010 1144 perpendiculares
1033 1025 1313 1144 lpuperficiei,
1340 1054 1427 1143 quae
1443 1024 1647 1115 ducuntur
1670 1056 1738 1142 per
1762 1035 1912 1146 punt‘ia

660 1145 855 1250 ejusmodi
874 1144 1094 1230 sectionum
1112 1201 1123 1234 ,
1142 1145 1284 1250 jacent
1302 1146 1344 1226 iu
1359 1173 1494 1230 earum
1550 1141 1681 1234 lanis,
1705 1143 1912 1258 adeoque,

661 1261 904 1382 fiparallelae
928 1289 1010 1346 non
1028 1258 1102 1346 lint
1119 1262 1223 1348 inter
1236 1255 1300 1350 se,
1330 1259 1479 1346 debent
1493 1172 1565 1346 fili
1585 1262 1760 1348 invicem
1775 1289 1913 1348 occur·

658 1413 746 1470 rere
764 1384 833 1470 ,ἃ
847 1379 913 1466 ubi
926 1401 1149 1463 occurrunt
1163 1373 1350 1491 angulum
1365 1363 1563 1492 'quendam
1578 1381 1818 1469 continent,
1847 1377 1915 1492 qui

658 1500 728 1585 ubi
756 1491 876 1582 fuerit
900 1495 1015 1582 unius
1030 1495 1204 1610 gradus,
1231 1496 1266 1608 is
1283 1521 1397 1582 arcus
1419 1491 1607 1586 sediionis
1630 1491 1739 1584 illius
1759 1495 1916 1581 dicitur

660 1613 804 1728 gradus
824 1613 1060 1698 meridiani.
1215 1615 1219 1622 “

416 1782 484 1852 ΨΜ
500 1780 647 1854 ΝΜ..
717 1759 818 1834 257.
849 1733 887 1813 Si
908 1723 1061 1814 secetur
1085 1727 1128 1814 id
1154 1753 1304 1846 corpus
1327 1727 1454 1845 plano
1479 1726 1805 1935 pempendiculari
1821 1729 1910 1821 axi,

415 1863 536 2009 :meniu
550 1861 783 1972 iisdempatet,
799 1873 937 1934 omnes
951 1838 1146 1932 sectiones
1160 1839 1247 1935 fore
1271 1843 1447 1934 circulos
1460 1850 1529 1966 qui
1573 1843 1910 1978 icunturparalle·

415 1940 713 2082 ,„„‡,¹³‘²‡5„sl{‚',‡li,
742 1995 791 2053 ac
803 1961 946 2050 circuli
970 1959 1148 2078 paralleli
1162 1962 1310 2078 gradus
1332 1961 1389 2051 est
1414 1965 1543 2072 isejus
1557 1992 1702 2056 arcus,
1729 1991 1781 2064 ex
1802 1985 1913 2070 quut

414 2079 1162 2196 vulturnu-extremispunuisdueta
1188 2079 1554 2168 binarediaelineae
1582 2081 1634 2168 ad
1650 2082 1735 2188 ejus
1749 2075 1909 2165 intersc-

414 2169 834 2323 lilli'llssE'uionem
853 2225 945 2283 cum
964 2221 1034 2282 aue
1049 2191 1238 2308 angulum
1263 2198 1481 2286 continent
1503 2201 1618 2283 unius
1642 2197 1815 2312 gradus.
1844 2199 1914 2282 Pa·

413 2321 529 2380 mil·
657 2342 718 2405 tet
746 2339 879 2402 autem
898 2319 937 2398 in
962 2343 1015 2400 eo
1037 2309 1155 2403 calu,
1185 2309 1356 2427 cujusvis
1385 2312 1569 2432 paralleli
1642 2314 1742 2400 adua
1775 2337 1910 2398 omnes

1591 2343 1724 2518 ldrmn
1744 2428 1910 2544 paralle-

656 2548 790 2635 lorum
815 2543 920 2636 effe,
954 2567 1163 2632 uteorum
1189 2547 1355 2636 radios,
1378 2543 1457 2633 fite
1475 2569 1523 2634 ut
1550 2548 1753 2636 ordinatas
1779 2572 1915 2632 curta

655 2665 865 2866 genitricis
892 2661 1238 2778 perpendiculares
1262 2664 1356 2754 axi,
1384 2689 1472 2775 quae
1493 2691 1631 2750 eorum
1652 2660 1914 2747 siculorum,

655 2428 912 2546 aequalesesse
927 2434 1033 2516 inter
1049 2423 1116 2524 se,
1143 2432 1290 2542 gradus
1315 2455 1450 2522 autem
1474 2430 1589 2516 diver

675 2802 748 2866 unt
763 2779 891 2865 radii.
917 2781 1033 2864 Patet
1048 2780 1216 2868 itidem,
1246 2775 1389 2890 gradus
1402 2782 1585 2864 omnium
1599 2777 1912 2864 meridianorum
2049 2791 2050 2830 l

568 2941 572 2948 ·
656 2900 699 2980 in
714 2895 857 2982 eodem
877 2892 1075 3010 parallelo
1089 2891 1255 3008 aequales
1267 2890 1340 2984 effe
1354 2895 1456 2979 inter
1472 2893 1511 2981 se
1529 2951 1541 2986 ,
1559 2922 1654 2980 cum
1669 2894 1808 2978 eadem
1824 2921 1912 2977 cur·

654 3039 705 3100 ua
719 3039 811 3097 cum
825 3010 1052 3096 meridianis
1066 3012 1253 3098 omnibus
1267 3005 1525 3098 conuerfione
1539 3005 1598 3098 lui
1609 3014 1806 3098 continua
1819 3036 1915 3098 con·
2048 3109 2049 3114 Ν

656 3151 775 3244 gruat
793 3127 880 3214 aliis
893 3127 985 3241 post
1001 3123 1103 3218 alios
1121 3193 1134 3214 .

417 3275 647 3348 namnum
687 3245 957 3346 258.Gradus
968 3267 1104 3332 autern
1116 3242 1290 3354 ejusdem
1305 3245 1515 3334 meridiani
1529 3248 1570 3332 in
1586 3239 1747 3362 diverlis
1759 3246 1844 3354 ejus
1858 3241 1917 3328 lo·

412 3358 643 3502 *Ja'jsslfffw'ffi
655 3365 713 3449 cis
729 3355 892 3447 diversa
908 3362 1195 3474 magnitudinis
1211 3359 1314 3452 lunt.
1330 3367 1370 3448 Si
1383 3391 1528 3450 eorum
1542 3368 1655 3452 tatio
1668 3383 1914 3478 quaetetetut

410 3451 523 3569 lanus
546 3512 646 3572 onais
655 3499 843 3566 accurata
855 3480 897 3561 in
910 3481 1041 3564 curuis
1054 3483 1178 3568 etiam
1196 3485 1368 3568 maxime
1392 3481 1600 3593 coguitis,
1627 3473 1912 3596 problemael·

412 3601 474 3663 ”³²
657 3588 824 3684 setlatis
845 3593 1091 3708 implexum.
1118 3593 1193 3682 Sed
1209 3599 1243 3686 is
1257 3597 1471 3686 Meridiani
1486 3619 1630 3689 arcus,
1657 3602 1730 3713 qui
1745 3599 1914 3711 gradum
2047 3625 2048 3639 ¹

653 3743 802 3804 unum,
818 3711 882 3796 vel
895 3709 1068 3798 alterum
1081 3743 1165 3800 non
1176 3715 1339 3804 excedit
1352 3772 1368 3806 ,
1381 3715 1523 3802 haberi
1535 3709 1641 3802 solet
1655 3745 1735 3830 pro
1749 3711 1916 3806 circula

653 3833 753 3920 ri&
768 3828 1026 3943 uuus'gradus
1038 3829 1253 3922 Meridiaui
1264 3831 1435 3920 habetur
1447 3859 1528 3946 pro
1542 3832 1669 3947 gradu
1685 3831 1829 3918 circuli
1843 3857 1915 3916 cu·

651 3939 831 4052 jusdam,
860 3947 930 4056 qui
944 3946 1110 4033 eandem
1128 3947 1262 4050 habet,
1282 3972 1565 4040 curvaturam,
1593 3977 1710 4064 quam
1731 3947 1856 4034 nabet
1879 3945 1921 4036 it

651 4085 765 4148 arcus
779 4059 994 4142 Meridiani
1011 4057 1159 4146 alicubi
1172 4065 1500 4152 circamedium.
1529 4071 1754 4154 Curvatura
1764 4086 1919 4152 autem

648 4202 782 4262 curvae
804 4171 1088 4290 cujuscumque
1116 4179 1160 4260 in
1181 4183 1340 4294 pancio
1369 4183 1458 4288 ejus
1486 4209 1735 4298 quocunque
1761 4179 1924 4272 dieitm

650 4319 720 4379 ea,
749 4319 870 4400 quam
898 4294 1021 4380 habet
1049 4295 1248 4390 circulus,
1271 4300 1343 4410 qui
1374 4297 1526 4390 ibidem
1554 4326 1645 4393 eam
1672 4295 1920 4390 osculatur,
2045 4355 2046 4362 κ

648 4411 782 4496 Porro
793 4408 967 4496 circulus
987 4439 1121 4498 euruae
1134 4410 1341 4502 osculator
1356 4415 1510 4502 dicitur
1528 4416 1686 4508 nonis,
1714 4416 1841 4521 cujus
1858 4447 1924 4504 at·

646 4551 719 4610 cus
737 4548 830 4608 cum
847 4526 933 4629 ejus
947 4556 1045 4612 arcu
1061 4551 1248 4616 accurate
1265 4529 1573 4628 confimdatur,
1597 4533 1713 4646 quod
1732 4533 1844 4622 nulli
1865 4563 1924 4620 ar·

651 4643 719 4726 cui
746 4661 964 4754 utcumque
987 4647 1144 4760 exiguo
1158 4647 1336 4740 accidit,
1365 4643 1433 4733 scd
1460 4651 1533 4766 qui
1555 4648 1608 4736 ad
1631 4677 1723 4740 eam
1752 4649 1926 4742 accedit

652 4759 808 4872 magis,
832 4787 952 4876 quam
963 4757 1085 4852 ullius
1095 4760 1414 4855 alteriuscirculi
1429 4793 1550 4858 arcus
1567 4769 1649 4861 ita,
1665 4789 1713 4856 ut
1728 4771 1773 4858 in
1789 4797 1926 4885 angu-
2043 4827 2044 4836 r

1858 4887 1935 4973 lo,
