<?xml version="1.0" encoding="UTF-8"?>
<!DOCTYPE html PUBLIC "-//W3C//DTD XHTML 1.0 Transitional//EN"
    "http://www.w3.org/TR/xhtml1/DTD/xhtml1-transitional.dtd">
<html xmlns="http://www.w3.org/1999/xhtml" xml:lang="en" lang="en">
 <head>
  <title>
</title>
<meta http-equiv="Content-Type" content="text/html;charset=utf-8" />
  <meta name='ocr-system' content='tesseract 3.04.00' />
  <meta name='ocr-capabilities' content='ocr_page ocr_carea ocr_par ocr_line ocrx_word'/>
</head>
<body>
  <div class='ocr_page' id='page_1' title='image "./delitterariaexp00boscgoog_0065.png"; bbox 0 0 4256 5730; ppageno 0'>
   <div class='ocr_carea' id='block_1_1' title="bbox 267 557 2018 4907">
    <p class='ocr_par' dir='ltr' id='par_1_1' title="bbox 493 557 1904 908">
     <span class='ocr_line' id='line_1_1' title="bbox 641 557 1554 679; baseline -0.015 -22"><span class='ocrx_word' id='word_1_1' title='bbox 641 583 694 679; x_wconf 54' lang='lat' dir='ltr'><em>ss</em></span> <span class='ocrx_word' id='word_1_2' title='bbox 989 557 1554 650; x_wconf 88' lang='lat' dir='ltr'>OPUSCULUM</span> 
     </span>
     <span class='ocr_line' id='line_1_2' title="bbox 493 671 1904 790; baseline -0.001 -23"><span class='ocrx_word' id='word_1_3' title='bbox 493 691 496 694; x_wconf 82' lang='grc'><strong>’</strong></span> <span class='ocrx_word' id='word_1_4' title='bbox 615 687 823 769; x_wconf 81' lang='lat' dir='ltr'>··examine</span> <span class='ocrx_word' id='word_1_5' title='bbox 850 677 1021 767; x_wconf 79' lang='lat' dir='ltr'>successu</span> <span class='ocrx_word' id='word_1_6' title='bbox 1052 678 1205 790; x_wconf 81' lang='lat' dir='ltr'>semper</span> <span class='ocrx_word' id='word_1_7' title='bbox 1222 673 1395 761; x_wconf 77' lang='lat' dir='ltr'>eodem,</span> <span class='ocrx_word' id='word_1_8' title='bbox 1428 675 1594 762; x_wconf 87' lang='lat' dir='ltr'>&amp;miro</span> <span class='ocrx_word' id='word_1_9' title='bbox 1620 671 1710 762; x_wconf 85' lang='lat' dir='ltr'>sane</span> <span class='ocrx_word' id='word_1_10' title='bbox 1735 677 1904 766; x_wconf 78' lang='lat' dir='ltr'>consen·</span> 
     </span>
     <span class='ocr_line' id='line_1_3' title="bbox 636 784 1904 908; baseline 0.003 -26"><span class='ocrx_word' id='word_1_11' title='bbox 636 795 707 894; x_wconf 85' lang='lat' dir='ltr'>su,</span> <span class='ocrx_word' id='word_1_12' title='bbox 740 799 898 886; x_wconf 89' lang='lat' dir='ltr'>semoto</span> <span class='ocrx_word' id='word_1_13' title='bbox 924 799 1036 883; x_wconf 88' lang='lat' dir='ltr'>omni</span> <span class='ocrx_word' id='word_1_14' title='bbox 1048 797 1220 906; x_wconf 80' lang='lat' dir='ltr'>erroris,</span> <span class='ocrx_word' id='word_1_15' title='bbox 1251 793 1323 906; x_wconf 90' lang='lat' dir='ltr'>qui</span> <span class='ocrx_word' id='word_1_16' title='bbox 1340 784 1561 876; x_wconf 86' lang='lat' dir='ltr'>mensuram</span> <span class='ocrx_word' id='word_1_17' title='bbox 1590 793 1732 908; x_wconf 86' lang='lat' dir='ltr'>gradus</span> <span class='ocrx_word' id='word_1_18' title='bbox 1747 798 1797 884; x_wconf 91' lang='lat' dir='ltr'>ad</span> <span class='ocrx_word' id='word_1_19' title='bbox 1816 794 1904 886; x_wconf 86' lang='lat' dir='ltr'>sert·</span> 
     </span>
    </p>

    <p class='ocr_par' dir='ltr' id='par_1_2' title="bbox 633 906 1373 1038">
     <span class='ocr_line' id='line_1_4' title="bbox 633 906 1373 1038; baseline -0.007 -39"><span class='ocrx_word' id='word_1_20' title='bbox 633 911 717 1003; x_wconf 89' lang='lat' dir='ltr'>sum</span> <span class='ocrx_word' id='word_1_21' title='bbox 731 919 967 1033; x_wconf 85' lang='lat' dir='ltr'>perturbate</span> <span class='ocrx_word' id='word_1_22' title='bbox 983 911 1103 1038; x_wconf 84' lang='lat' dir='ltr'>poiiit</span> <span class='ocrx_word' id='word_1_23' title='bbox 1120 966 1131 1000; x_wconf 80' lang='grc'><strong><em>,</em></strong></span> <span class='ocrx_word' id='word_1_24' title='bbox 1158 906 1347 1028; x_wconf 87' lang='lat' dir='ltr'>periculo</span> <span class='ocrx_word' id='word_1_25' title='bbox 1363 971 1373 1002; x_wconf 71' lang='grc'>,.</span> 
     </span>
    </p>

    <p class='ocr_par' dir='ltr' id='par_1_3' title="bbox 267 1022 2018 4907">
     <span class='ocr_line' id='line_1_5' title="bbox 417 1022 1903 1166; baseline 0.003 -48"><span class='ocrx_word' id='word_1_26' title='bbox 417 1033 615 1166; x_wconf 52' lang='lat' dir='ltr'>ffff¹¹¹³‘⁸&#39;⁸&#39;</span> <span class='ocrx_word' id='word_1_27' title='bbox 691 1067 762 1138; x_wconf 87' lang='lat'>77·</span> <span class='ocrx_word' id='word_1_28' title='bbox 825 1039 921 1120; x_wconf 85' lang='lat' dir='ltr'>Haec</span> <span class='ocrx_word' id='word_1_29' title='bbox 951 1030 1114 1144; x_wconf 92' lang='lat' dir='ltr'>quidem</span> <span class='ocrx_word' id='word_1_30' title='bbox 1131 1029 1182 1114; x_wconf 90' lang='lat' dir='ltr'>ad</span> <span class='ocrx_word' id='word_1_31' title='bbox 1207 1022 1395 1122; x_wconf 73' lang='lat' dir='ltr'>mensurae</span> <span class='ocrx_word' id='word_1_32' title='bbox 1429 1027 1661 1118; x_wconf 80' lang='lat' dir='ltr'>adhibendae</span> <span class='ocrx_word' id='word_1_33' title='bbox 1690 1034 1903 1130; x_wconf 84' lang='lat' dir='ltr'>modulum</span> 
     </span>
     <span class='ocr_line' id='line_1_6' title="bbox 383 1125 1905 1279; baseline -0.005 -33"><span class='ocrx_word' id='word_1_34' title='bbox 383 1125 615 1261; x_wconf 47' lang='lat' dir='ltr'>{dmm</span> <span class='ocrx_word' id='word_1_35' title='bbox 630 1160 859 1279; x_wconf 82' lang='lat' dir='ltr'>pertinent.</span> <span class='ocrx_word' id='word_1_36' title='bbox 888 1146 1039 1264; x_wconf 76' lang='lat' dir='ltr'>&#39;sigilla</span> <span class='ocrx_word' id='word_1_37' title='bbox 1050 1174 1149 1232; x_wconf 91' lang='lat' dir='ltr'>vero</span> <span class='ocrx_word' id='word_1_38' title='bbox 1165 1147 1247 1230; x_wconf 87' lang='lat' dir='ltr'>tria</span> <span class='ocrx_word' id='word_1_39' title='bbox 1261 1205 1273 1238; x_wconf 90' lang='lat'><strong><em>,</em></strong></span> <span class='ocrx_word' id='word_1_40' title='bbox 1288 1172 1463 1258; x_wconf 92' lang='lat' dir='ltr'>quorum</span> <span class='ocrx_word' id='word_1_41' title='bbox 1474 1144 1624 1263; x_wconf 86' lang='lat' dir='ltr'>fingula</span> <span class='ocrx_word' id='word_1_42' title='bbox 1637 1173 1719 1246; x_wconf 85' lang='lat' dir='ltr'>tres</span> <span class='ocrx_word' id='word_1_43' title='bbox 1731 1148 1905 1257; x_wconf 86' lang='lat' dir='ltr'>ejusmo-</span> 
     </span>
     <span class='ocr_line' id='line_1_7' title="bbox 386 1263 1903 1366; baseline -0.002 -11"><span class='ocrx_word' id='word_1_44' title='bbox 386 1265 564 1328; x_wconf 67' lang='lat'>‘¹¹¹¹¹‘⁸¹‘¹¹¹²·</span> <span class='ocrx_word' id='word_1_45' title='bbox 631 1270 674 1362; x_wconf 90' lang='lat' dir='ltr'>di</span> <span class='ocrx_word' id='word_1_46' title='bbox 691 1270 888 1362; x_wconf 78' lang='lat' dir='ltr'>mensuras</span> <span class='ocrx_word' id='word_1_47' title='bbox 903 1327 914 1362; x_wconf 91' lang='lat'>,</span> <span class='ocrx_word' id='word_1_48' title='bbox 927 1263 1003 1357; x_wconf 83' lang='lat' dir='ltr'>five</span> <span class='ocrx_word' id='word_1_49' title='bbox 1047 1266 1171 1352; x_wconf 89' lang='lat' dir='ltr'>almos</span> <span class='ocrx_word' id='word_1_50' title='bbox 1186 1267 1472 1366; x_wconf 86' lang='lat' dir='ltr'>Romanos27,</span> <span class='ocrx_word' id='word_1_51' title='bbox 1489 1268 1753 1366; x_wconf 80' lang='lat' dir='ltr'>continebat,</span> <span class='ocrx_word' id='word_1_52' title='bbox 1769 1267 1903 1353; x_wconf 85' lang='lat' dir='ltr'>excidi</span> 
     </span>
     <span class='ocr_line' id='line_1_8' title="bbox 631 1297 1900 1482; baseline -0.006 -7"><span class='ocrx_word' id='word_1_53' title='bbox 631 1394 767 1478; x_wconf 77' lang='lat' dir='ltr'>curavi</span> <span class='ocrx_word' id='word_1_54' title='bbox 786 1417 836 1478; x_wconf 85' lang='lat' dir='ltr'>ex</span> <span class='ocrx_word' id='word_1_55' title='bbox 849 1297 1101 1482; x_wconf 50' lang='lat' dir='ltr'>vetustissima</span> <span class='ocrx_word' id='word_1_56' title='bbox 1117 1383 1250 1473; x_wconf 84' lang='lat' dir='ltr'>trabe,</span> <span class='ocrx_word' id='word_1_57' title='bbox 1262 1377 1340 1464; x_wconf 88' lang='lat' dir='ltr'>alia</span> <span class='ocrx_word' id='word_1_58' title='bbox 1353 1381 1416 1466; x_wconf 84' lang='lat' dir='ltr'>hic</span> <span class='ocrx_word' id='word_1_59' title='bbox 1432 1387 1575 1468; x_wconf 82' lang='lat' dir='ltr'>Romae</span> <span class='ocrx_word' id='word_1_60' title='bbox 1590 1440 1602 1475; x_wconf 89' lang='lat'>‚</span> <span class='ocrx_word' id='word_1_61' title='bbox 1618 1383 1696 1471; x_wconf 85' lang='lat' dir='ltr'>alia</span> <span class='ocrx_word' id='word_1_62' title='bbox 1708 1385 1900 1481; x_wconf 84' lang='lat' dir='ltr'>Arimini,</span> 
     </span>
     <span class='ocr_line' id='line_1_9' title="bbox 631 1499 1898 1620; baseline -0.003 -32"><span class='ocrx_word' id='word_1_63' title='bbox 631 1511 742 1598; x_wconf 87' lang='lat' dir='ltr'>binas</span> <span class='ocrx_word' id='word_1_64' title='bbox 756 1510 862 1594; x_wconf 90' lang='lat' dir='ltr'>enim</span> <span class='ocrx_word' id='word_1_65' title='bbox 879 1500 985 1588; x_wconf 87' lang='lat' dir='ltr'>bases</span> <span class='ocrx_word' id='word_1_66' title='bbox 1000 1530 1130 1620; x_wconf 90' lang='lat' dir='ltr'>prope</span> <span class='ocrx_word' id='word_1_67' title='bbox 1146 1527 1207 1586; x_wconf 89' lang='lat' dir='ltr'>eas</span> <span class='ocrx_word' id='word_1_68' title='bbox 1220 1499 1336 1582; x_wconf 87' lang='lat' dir='ltr'>urbes</span> <span class='ocrx_word' id='word_1_69' title='bbox 1353 1556 1365 1590; x_wconf 83' lang='lat'>‚</span> <span class='ocrx_word' id='word_1_70' title='bbox 1397 1523 1445 1584; x_wconf 92' lang='lat' dir='ltr'>ut</span> <span class='ocrx_word' id='word_1_71' title='bbox 1461 1502 1593 1613; x_wconf 90' lang='lat' dir='ltr'>primo</span> <span class='ocrx_word' id='word_1_72' title='bbox 1608 1504 1743 1616; x_wconf 88' lang='lat' dir='ltr'>capite</span> <span class='ocrx_word' id='word_1_73' title='bbox 1758 1505 1898 1596; x_wconf 89' lang='lat' dir='ltr'>innui,</span> 
     </span>
     <span class='ocr_line' id='line_1_10' title="bbox 633 1617 1900 1744; baseline -0.002 -36"><span class='ocrx_word' id='word_1_74' title='bbox 633 1623 795 1712; x_wconf 87' lang='lat' dir='ltr'>dimenfi</span> <span class='ocrx_word' id='word_1_75' title='bbox 809 1618 938 1706; x_wconf 86' lang='lat' dir='ltr'>sumus</span> <span class='ocrx_word' id='word_1_76' title='bbox 954 1675 965 1709; x_wconf 82' lang='lat'><strong><em>‚</em></strong></span> <span class='ocrx_word' id='word_1_77' title='bbox 991 1647 1078 1744; x_wconf 81' lang='lat' dir='ltr'>quae</span> <span class='ocrx_word' id='word_1_78' title='bbox 1094 1620 1201 1704; x_wconf 83' lang='lat' dir='ltr'>trabs</span> <span class='ocrx_word' id='word_1_79' title='bbox 1217 1635 1385 1730; x_wconf 84' lang='lat' dir='ltr'>utraque</span> <span class='ocrx_word' id='word_1_80' title='bbox 1399 1618 1471 1704; x_wconf 90' lang='lat' dir='ltr'>diu</span> <span class='ocrx_word' id='word_1_81' title='bbox 1485 1619 1607 1702; x_wconf 91' lang='lat' dir='ltr'>etiam</span> <span class='ocrx_word' id='word_1_82' title='bbox 1621 1622 1701 1727; x_wconf 85' lang='lat' dir='ltr'>jam</span> <span class='ocrx_word' id='word_1_83' title='bbox 1715 1617 1817 1704; x_wconf 85' lang='lat' dir='ltr'>olirn</span> <span class='ocrx_word' id='word_1_84' title='bbox 1830 1649 1900 1706; x_wconf 89' lang='lat' dir='ltr'>na·</span> 
     </span>
     <span class='ocr_line' id='line_1_11' title="bbox 630 1729 1895 1857; baseline -0.009 -24"><span class='ocrx_word' id='word_1_85' title='bbox 630 1745 862 1857; x_wconf 76' lang='lat' dir='ltr'>rigaverat,</span> <span class='ocrx_word' id='word_1_86' title='bbox 894 1739 1075 1822; x_wconf 88' lang='lat' dir='ltr'>adhibita</span> <span class='ocrx_word' id='word_1_87' title='bbox 1098 1765 1174 1852; x_wconf 91' lang='lat' dir='ltr'>pro</span> <span class='ocrx_word' id='word_1_88' title='bbox 1194 1729 1331 1824; x_wconf 65' lang='lat' dir='ltr'>malm·</span> <span class='ocrx_word' id='word_1_89' title='bbox 1361 1733 1474 1849; x_wconf 90' lang='lat' dir='ltr'>quod</span> <span class='ocrx_word' id='word_1_90' title='bbox 1490 1740 1656 1834; x_wconf 85' lang='lat' dir='ltr'>omnino</span> <span class='ocrx_word' id='word_1_91' title='bbox 1670 1735 1895 1830; x_wconf 83' lang='lat' dir='ltr'>curandum</span> 
     </span>
     <span class='ocr_line' id='line_1_12' title="bbox 631 1845 1896 1964; baseline -0.002 -23"><span class='ocrx_word' id='word_1_92' title='bbox 631 1883 743 1954; x_wconf 83' lang='lat' dir='ltr'>etat,</span> <span class='ocrx_word' id='word_1_93' title='bbox 774 1876 823 1940; x_wconf 91' lang='lat' dir='ltr'>ut</span> <span class='ocrx_word' id='word_1_94' title='bbox 855 1855 986 1940; x_wconf 92' lang='lat' dir='ltr'>minus</span> <span class='ocrx_word' id='word_1_95' title='bbox 1013 1851 1108 1938; x_wconf 83' lang='lat' dir='ltr'>effes</span> <span class='ocrx_word' id='word_1_96' title='bbox 1122 1853 1164 1934; x_wconf 90' lang='lat' dir='ltr'>in</span> <span class='ocrx_word' id='word_1_97' title='bbox 1176 1845 1265 1964; x_wconf 86' lang='lat' dir='ltr'>ipfis</span> <span class='ocrx_word' id='word_1_98' title='bbox 1280 1849 1420 1961; x_wconf 82' lang='lat' dir='ltr'>tigillis</span> <span class='ocrx_word' id='word_1_99' title='bbox 1436 1878 1485 1950; x_wconf 83' lang='lat' dir='ltr'>ert</span> <span class='ocrx_word' id='word_1_100' title='bbox 1501 1857 1600 1952; x_wconf 87' lang='lat' dir='ltr'>aeris</span> <span class='ocrx_word' id='word_1_101' title='bbox 1618 1878 1775 1940; x_wconf 86' lang='lat' dir='ltr'>mutata</span> <span class='ocrx_word' id='word_1_102' title='bbox 1790 1877 1896 1940; x_wconf 87' lang='lat' dir='ltr'>tem·</span> 
     </span>
     <span class='ocr_line' id='line_1_13' title="bbox 628 1965 1890 2091; baseline -0.005 -28"><span class='ocrx_word' id='word_1_103' title='bbox 628 1979 737 2091; x_wconf 87' lang='lat' dir='ltr'>petie</span> <span class='ocrx_word' id='word_1_104' title='bbox 754 1972 991 2074; x_wconf 76' lang='lat' dir='ltr'>mutationis</span> <span class='ocrx_word' id='word_1_105' title='bbox 1010 1965 1259 2082; x_wconf 87' lang='lat' dir='ltr'>periculum.</span> <span class='ocrx_word' id='word_1_106' title='bbox 1292 1968 1345 2062; x_wconf 78' lang='lat' dir='ltr'>Ea</span> <span class='ocrx_word' id='word_1_107' title='bbox 1359 1965 1489 2081; x_wconf 78' lang='lat' dir='ltr'>tigilia</span> <span class='ocrx_word' id='word_1_108' title='bbox 1514 1969 1741 2078; x_wconf 84' lang='lat' dir='ltr'>cujusmodi</span> <span class='ocrx_word' id='word_1_109' title='bbox 1755 1972 1890 2086; x_wconf 78' lang='lat' dir='ltr'>tripo-</span> 
     </span>
     <span class='ocr_line' id='line_1_14' title="bbox 630 2079 1896 2208; baseline -0.006 -28"><span class='ocrx_word' id='word_1_110' title='bbox 630 2094 728 2181; x_wconf 88' lang='lat' dir='ltr'>dum</span> <span class='ocrx_word' id='word_1_111' title='bbox 746 2092 883 2205; x_wconf 86' lang='lat' dir='ltr'>generi</span> <span class='ocrx_word' id='word_1_112' title='bbox 911 2082 1218 2204; x_wconf 70' lang='lat' dir='ltr'>imposuerimus</span> <span class='ocrx_word' id='word_1_113' title='bbox 1234 2085 1277 2167; x_wconf 91' lang='lat' dir='ltr'>in</span> <span class='ocrx_word' id='word_1_114' title='bbox 1290 2079 1374 2196; x_wconf 85' lang='lat' dir='ltr'>ipsa</span> <span class='ocrx_word' id='word_1_115' title='bbox 1387 2079 1648 2186; x_wconf 87' lang='lat' dir='ltr'>mensuranda</span> <span class='ocrx_word' id='word_1_116' title='bbox 1662 2085 1768 2181; x_wconf 77' lang='lat' dir='ltr'>basa,</span> <span class='ocrx_word' id='word_1_117' title='bbox 1800 2116 1896 2208; x_wconf 88' lang='lat' dir='ltr'>quas</span> 
     </span>
     <span class='ocr_line' id='line_1_15' title="bbox 628 2200 1895 2322; baseline -0.004 -30"><span class='ocrx_word' id='word_1_118' title='bbox 628 2207 719 2322; x_wconf 76' lang='lat' dir='ltr'>ipsis</span> <span class='ocrx_word' id='word_1_119' title='bbox 746 2207 1040 2314; x_wconf 84' lang='lat' dir='ltr'>adjunxerimus</span> <span class='ocrx_word' id='word_1_120' title='bbox 1068 2200 1257 2290; x_wconf 78' lang='lat' dir='ltr'>laminas,</span> <span class='ocrx_word' id='word_1_121' title='bbox 1289 2229 1366 2312; x_wconf 90' lang='lat' dir='ltr'>qua</span> <span class='ocrx_word' id='word_1_122' title='bbox 1391 2204 1548 2289; x_wconf 87' lang='lat' dir='ltr'>ratione</span> <span class='ocrx_word' id='word_1_123' title='bbox 1563 2205 1833 2319; x_wconf 85' lang='lat' dir='ltr'>redegerimus</span> <span class='ocrx_word' id='word_1_124' title='bbox 1844 2204 1895 2298; x_wconf 87' lang='lat' dir='ltr'>ad</span> 
     </span>
     <span class='ocr_line' id='line_1_16' title="bbox 628 2316 1896 2435; baseline -0.003 -21"><span class='ocrx_word' id='word_1_125' title='bbox 628 2325 839 2426; x_wconf 82' lang='lat' dir='ltr'>libellam,</span> <span class='ocrx_word' id='word_1_126' title='bbox 870 2352 949 2435; x_wconf 89' lang='lat' dir='ltr'>qua</span> <span class='ocrx_word' id='word_1_127' title='bbox 977 2316 1174 2406; x_wconf 84' lang='lat' dir='ltr'>methodo</span> <span class='ocrx_word' id='word_1_128' title='bbox 1201 2317 1383 2434; x_wconf 81' lang='lat' dir='ltr'>pluribus</span> <span class='ocrx_word' id='word_1_129' title='bbox 1410 2321 1552 2406; x_wconf 88' lang='lat' dir='ltr'>indies</span> <span class='ocrx_word' id='word_1_130' title='bbox 1577 2324 1730 2408; x_wconf 87' lang='lat' dir='ltr'>vicibus</span> <span class='ocrx_word' id='word_1_131' title='bbox 1747 2323 1797 2407; x_wconf 88' lang='lat' dir='ltr'>ad</span> <span class='ocrx_word' id='word_1_132' title='bbox 1816 2319 1896 2416; x_wconf 82' lang='lat' dir='ltr'>fet·</span> 
     </span>
     <span class='ocr_line' id='line_1_17' title="bbox 629 2438 1896 2556; baseline -0.006 -27"><span class='ocrx_word' id='word_1_133' title='bbox 629 2475 738 2530; x_wconf 87' lang='lat' dir='ltr'>ream</span> <span class='ocrx_word' id='word_1_134' title='bbox 770 2439 946 2554; x_wconf 88' lang='lat' dir='ltr'>regulam</span> <span class='ocrx_word' id='word_1_135' title='bbox 977 2439 1250 2552; x_wconf 74' lang='lat' dir='ltr'>exegerimus,</span> <span class='ocrx_word' id='word_1_136' title='bbox 1282 2438 1326 2534; x_wconf 76' lang='grc' dir='ltr'>ὃς</span> <span class='ocrx_word' id='word_1_137' title='bbox 1358 2441 1709 2540; x_wconf 58' lang='lat' dir='ltr'>commotionem,</span> <span class='ocrx_word' id='word_1_138' title='bbox 1741 2439 1896 2556; x_wconf 86' lang='lat' dir='ltr'>produ-</span> 
     </span>
     <span class='ocr_line' id='line_1_18' title="bbox 532 2557 1895 2670; baseline -0.006 -22"><span class='ocrx_word' id='word_1_139' title='bbox 532 2597 537 2608; x_wconf 95' lang='lat'>·</span> <span class='ocrx_word' id='word_1_140' title='bbox 575 2579 577 2586; x_wconf 87' lang='lat'>&#39;</span> <span class='ocrx_word' id='word_1_141' title='bbox 630 2563 886 2670; x_wconf 74' lang='lat' dir='ltr'>erroremque</span> <span class='ocrx_word' id='word_1_142' title='bbox 915 2612 927 2646; x_wconf 92' lang='lat'><strong><em>,</em></strong></span> <span class='ocrx_word' id='word_1_143' title='bbox 960 2575 1079 2668; x_wconf 89' lang='lat' dir='ltr'>atque</span> <span class='ocrx_word' id='word_1_144' title='bbox 1110 2558 1454 2668; x_wconf 79' lang='lat' dir='ltr'>etiamperquam</span> <span class='ocrx_word' id='word_1_145' title='bbox 1493 2557 1679 2668; x_wconf 79' lang='lat' dir='ltr'>exiguam</span> <span class='ocrx_word' id='word_1_146' title='bbox 1704 2581 1895 2654; x_wconf 61' lang='lat' dir='ltr'>¹cursatea</span> 
     </span>
     <span class='ocr_line' id='line_1_19' title="bbox 628 2670 1895 2789; baseline -0.006 -28"><span class='ocrx_word' id='word_1_147' title='bbox 628 2707 716 2764; x_wconf 89' lang='lat' dir='ltr'>ram</span> <span class='ocrx_word' id='word_1_148' title='bbox 732 2735 743 2769; x_wconf 90' lang='lat'><strong><em>,</em></strong></span> <span class='ocrx_word' id='word_1_149' title='bbox 759 2705 878 2789; x_wconf 85' lang='lat' dir='ltr'>quam</span> <span class='ocrx_word' id='word_1_150' title='bbox 892 2673 1075 2758; x_wconf 89' lang='lat' dir='ltr'>humidus</span> <span class='ocrx_word' id='word_1_151' title='bbox 1087 2699 1152 2756; x_wconf 89' lang='lat' dir='ltr'>aer</span> <span class='ocrx_word' id='word_1_152' title='bbox 1171 2729 1182 2763; x_wconf 90' lang='lat'><strong><em>,</em></strong></span> <span class='ocrx_word' id='word_1_153' title='bbox 1201 2670 1433 2774; x_wconf 81' lang='lat' dir='ltr'>&amp;alternus</span> <span class='ocrx_word' id='word_1_154' title='bbox 1445 2671 1557 2768; x_wconf 88' lang='lat' dir='ltr'>calor</span> <span class='ocrx_word' id='word_1_155' title='bbox 1570 2674 1786 2772; x_wconf 82' lang='lat' dir='ltr'>induxerat</span> <span class='ocrx_word' id='word_1_156' title='bbox 1801 2728 1813 2764; x_wconf 86' lang='lat'>,</span> <span class='ocrx_word' id='word_1_157' title='bbox 1831 2671 1895 2755; x_wconf 86' lang='lat' dir='ltr'>de·</span> 
     </span>
     <span class='ocr_line' id='line_1_20' title="bbox 629 2784 1896 2907; baseline -0.004 -29"><span class='ocrx_word' id='word_1_158' title='bbox 629 2793 901 2892; x_wconf 82' lang='lat' dir='ltr'>finiverimus,</span> <span class='ocrx_word' id='word_1_159' title='bbox 934 2816 1132 2907; x_wconf 85' lang='lat' dir='ltr'>exponam</span> <span class='ocrx_word' id='word_1_160' title='bbox 1145 2785 1233 2904; x_wconf 86' lang='lat' dir='ltr'>ipso</span> <span class='ocrx_word' id='word_1_161' title='bbox 1250 2809 1399 2902; x_wconf 90' lang='lat' dir='ltr'>quarto</span> <span class='ocrx_word' id='word_1_162' title='bbox 1411 2784 1637 2904; x_wconf 79' lang='lat' dir='ltr'>opusculo,</span> <span class='ocrx_word' id='word_1_163' title='bbox 1669 2794 1712 2877; x_wconf 89' lang='lat' dir='ltr'>in</span> <span class='ocrx_word' id='word_1_164' title='bbox 1731 2786 1896 2903; x_wconf 78' lang='lat' dir='ltr'>quosli-</span> 
     </span>
     <span class='ocr_line' id='line_1_21' title="bbox 629 2902 1890 3026; baseline -0.003 -30"><span class='ocrx_word' id='word_1_165' title='bbox 629 2934 784 3026; x_wconf 85' lang='lat' dir='ltr'>quanto</span> <span class='ocrx_word' id='word_1_166' title='bbox 804 2906 917 2994; x_wconf 85' lang='lat' dir='ltr'>fufius</span> <span class='ocrx_word' id='word_1_167' title='bbox 932 2908 982 2991; x_wconf 91' lang='lat' dir='ltr'>de</span> <span class='ocrx_word' id='word_1_168' title='bbox 995 2906 1349 3008; x_wconf 77' lang='lat' dir='ltr'>instrumentorum</span> <span class='ocrx_word' id='word_1_169' title='bbox 1363 2929 1558 3021; x_wconf 87' lang='lat' dir='ltr'>apparatu</span> <span class='ocrx_word' id='word_1_170' title='bbox 1574 2939 1690 3024; x_wconf 84' lang='lat' dir='ltr'>agam</span> <span class='ocrx_word' id='word_1_171' title='bbox 1705 2969 1717 3002; x_wconf 92' lang='lat'>‚</span> <span class='ocrx_word' id='word_1_172' title='bbox 1735 2913 1779 2994; x_wconf 75' lang='lat' dir='ltr'>bt</span> <span class='ocrx_word' id='word_1_173' title='bbox 1793 2902 1890 3002; x_wconf 79' lang='lat' dir='ltr'>usu,</span> 
     </span>
     <span class='ocr_line' id='line_1_22' title="bbox 414 3021 1891 3144; baseline 0.001 -36"><span class='ocrx_word' id='word_1_174' title='bbox 414 3051 612 3120; x_wconf 65' lang='lat' dir='ltr'>Quaeramus:</span> <span class='ocrx_word' id='word_1_175' title='bbox 646 3029 652 3041; x_wconf 84' lang='lat'><em>&#39;</em></span> <span class='ocrx_word' id='word_1_176' title='bbox 689 3043 757 3144; x_wconf 84' lang='lat'>78.</span> <span class='ocrx_word' id='word_1_177' title='bbox 820 3028 987 3133; x_wconf 88' lang='lat' dir='ltr'>Majotis</span> <span class='ocrx_word' id='word_1_178' title='bbox 1006 3025 1158 3123; x_wconf 87' lang='lat' dir='ltr'>interea</span> <span class='ocrx_word' id='word_1_179' title='bbox 1184 3023 1446 3134; x_wconf 70' lang='lat' dir='ltr'>quadrantis,</span> <span class='ocrx_word' id='word_1_180' title='bbox 1478 3028 1523 3108; x_wconf 69' lang='grc' dir='ltr'>ὃ(</span> <span class='ocrx_word' id='word_1_181' title='bbox 1538 3021 1811 3131; x_wconf 68' lang='lat' dir='ltr'>sedtoriscura</span> <span class='ocrx_word' id='word_1_182' title='bbox 1827 3053 1891 3122; x_wconf 85' lang='lat' dir='ltr'>me</span> 
     </span>
     <span class='ocr_line' id='line_1_23' title="bbox 267 3135 1891 3278; baseline 0.004 -49"><span class='ocrx_word' id='word_1_183' title='bbox 267 3149 275 3170; x_wconf 88' lang='lat'>&#39;</span> <span class='ocrx_word' id='word_1_184' title='bbox 381 3135 611 3278; x_wconf 50' lang='lat' dir='ltr'>{jffjfiss&#39;vffl</span> <span class='ocrx_word' id='word_1_185' title='bbox 629 3151 796 3258; x_wconf 84' lang='lat' dir='ltr'>urgebat</span> <span class='ocrx_word' id='word_1_186' title='bbox 815 3148 977 3235; x_wconf 90' lang='lat' dir='ltr'>acrior,</span> <span class='ocrx_word' id='word_1_187' title='bbox 1007 3142 1118 3252; x_wconf 88' lang='lat' dir='ltr'>quod</span> <span class='ocrx_word' id='word_1_188' title='bbox 1145 3138 1300 3238; x_wconf 83' lang='lat' dir='ltr'>nullum</span> <span class='ocrx_word' id='word_1_189' title='bbox 1315 3144 1460 3240; x_wconf 83' lang='lat' dir='ltr'>Romae</span> <span class='ocrx_word' id='word_1_190' title='bbox 1483 3139 1577 3234; x_wconf 81' lang='lat' dir='ltr'>satis</span> <span class='ocrx_word' id='word_1_191' title='bbox 1605 3146 1813 3264; x_wconf 81' lang='lat' dir='ltr'>peritum,</span> <span class='ocrx_word' id='word_1_192' title='bbox 1845 3145 1891 3234; x_wconf 63' lang='grc' dir='ltr'>ὃ(</span> 
     </span>
     <span class='ocr_line' id='line_1_24' title="bbox 380 3254 1891 3366; baseline 0.001 -22"><span class='ocrx_word' id='word_1_193' title='bbox 380 3285 499 3357; x_wconf 61' lang='lat' dir='ltr'>ugrum.</span> <span class='ocrx_word' id='word_1_194' title='bbox 627 3263 894 3360; x_wconf 82' lang='lat' dir='ltr'>exercitatum</span> <span class='ocrx_word' id='word_1_195' title='bbox 907 3254 1105 3356; x_wconf 76' lang='lat' dir='ltr'>artificem</span> <span class='ocrx_word' id='word_1_196' title='bbox 1121 3259 1378 3366; x_wconf 73' lang='lat' dir='ltr'>haberemus,</span> <span class='ocrx_word' id='word_1_197' title='bbox 1407 3258 1649 3362; x_wconf 64' lang='lat' dir='ltr'>celeberimo</span> <span class='ocrx_word' id='word_1_198' title='bbox 1668 3261 1891 3356; x_wconf 89' lang='lat' dir='ltr'>Dominico</span> 
     </span>
     <span class='ocr_line' id='line_1_25' title="bbox 628 3368 1890 3492; baseline -0.003 -26"><span class='ocrx_word' id='word_1_199' title='bbox 628 3373 846 3492; x_wconf 86' lang='lat' dir='ltr'>Lusvergio</span> <span class='ocrx_word' id='word_1_200' title='bbox 860 3377 946 3466; x_wconf 81' lang='lat' dir='ltr'>vita</span> <span class='ocrx_word' id='word_1_201' title='bbox 960 3368 1126 3465; x_wconf 50' lang='lat' dir='ltr'>fundo,</span> <span class='ocrx_word' id='word_1_202' title='bbox 1158 3399 1231 3455; x_wconf 88' lang='lat' dir='ltr'>nec</span> <span class='ocrx_word' id='word_1_203' title='bbox 1246 3370 1335 3470; x_wconf 90' lang='lat' dir='ltr'>ullo</span> <span class='ocrx_word' id='word_1_204' title='bbox 1351 3397 1526 3485; x_wconf 84' lang='lat' dir='ltr'>paternae</span> <span class='ocrx_word' id='word_1_205' title='bbox 1545 3377 1796 3492; x_wconf 76' lang='lat' dir='ltr'>diligentiae,</span> <span class='ocrx_word' id='word_1_206' title='bbox 1828 3398 1890 3468; x_wconf 81' lang='lat' dir='ltr'>at·</span> 
     </span>
     <span class='ocr_line' id='line_1_26' title="bbox 627 3483 1888 3610; baseline 0 -32"><span class='ocrx_word' id='word_1_207' title='bbox 627 3525 705 3608; x_wconf 91' lang='lat' dir='ltr'>que</span> <span class='ocrx_word' id='word_1_208' title='bbox 723 3493 921 3580; x_wconf 83' lang='lat' dir='ltr'>industriae</span> <span class='ocrx_word' id='word_1_209' title='bbox 935 3483 1026 3574; x_wconf 85' lang='lat' dir='ltr'>satis</span> <span class='ocrx_word' id='word_1_210' title='bbox 1051 3487 1202 3576; x_wconf 89' lang='lat' dir='ltr'>idoneo</span> <span class='ocrx_word' id='word_1_211' title='bbox 1232 3487 1385 3574; x_wconf 82' lang='lat' dir='ltr'>haerede</span> <span class='ocrx_word' id='word_1_212' title='bbox 1415 3489 1582 3594; x_wconf 60' lang='lat' dir='ltr'>relimo.</span> <span class='ocrx_word' id='word_1_213' title='bbox 1615 3497 1768 3582; x_wconf 79' lang='lat' dir='ltr'>Aderat</span> <span class='ocrx_word' id='word_1_214' title='bbox 1798 3493 1888 3610; x_wconf 89' lang='lat' dir='ltr'>qui-</span> 
     </span>
     <span class='ocr_line' id='line_1_27' title="bbox 629 3603 1888 3728; baseline -0.004 -32"><span class='ocrx_word' id='word_1_215' title='bbox 629 3613 723 3696; x_wconf 89' lang='lat' dir='ltr'>dem</span> <span class='ocrx_word' id='word_1_216' title='bbox 737 3608 921 3726; x_wconf 84' lang='lat' dir='ltr'>Aloysrus</span> <span class='ocrx_word' id='word_1_217' title='bbox 937 3607 1081 3690; x_wconf 85' lang='lat' dir='ltr'>Wood</span> <span class='ocrx_word' id='word_1_218' title='bbox 1094 3603 1241 3694; x_wconf 81' lang='lat' dir='ltr'>nobi-lis</span> <span class='ocrx_word' id='word_1_219' title='bbox 1255 3605 1436 3722; x_wconf 82' lang='lat' dir='ltr'>Angius,</span> <span class='ocrx_word' id='word_1_220' title='bbox 1470 3617 1515 3698; x_wconf 75' lang='grc' dir='ltr'>ἃ</span> <span class='ocrx_word' id='word_1_221' title='bbox 1528 3609 1645 3728; x_wconf 79' lang='lat' dir='ltr'>ipfius</span> <span class='ocrx_word' id='word_1_222' title='bbox 1665 3610 1888 3700; x_wconf 76' lang='lat' dir='ltr'>Cardinalis</span> 
     </span>
     <span class='ocr_line' id='line_1_28' title="bbox 623 3721 1888 3847; baseline 0.001 -34"><span class='ocrx_word' id='word_1_223' title='bbox 623 3735 855 3830; x_wconf 65' lang='lat' dir='ltr'>Versum</span> <span class='ocrx_word' id='word_1_224' title='bbox 876 3721 974 3828; x_wconf 82' lang='lat' dir='ltr'>aulae</span> <span class='ocrx_word' id='word_1_225' title='bbox 990 3724 1174 3824; x_wconf 75' lang='lat' dir='ltr'>addie&#39;tus</span> <span class='ocrx_word' id='word_1_226' title='bbox 1195 3783 1206 3817; x_wconf 89' lang='lat'>‚</span> <span class='ocrx_word' id='word_1_227' title='bbox 1238 3727 1350 3810; x_wconf 84' lang='lat' dir='ltr'>cu&#39;us</span> <span class='ocrx_word' id='word_1_228' title='bbox 1362 3729 1623 3816; x_wconf 88' lang='lat' dir='ltr'>immaturum</span> <span class='ocrx_word' id='word_1_229' title='bbox 1646 3729 1774 3818; x_wconf 89' lang='lat' dir='ltr'>fatum</span> <span class='ocrx_word' id='word_1_230' title='bbox 1791 3759 1888 3847; x_wconf 90' lang='lat' dir='ltr'>pro·</span> 
     </span>
     <span class='ocr_line' id='line_1_29' title="bbox 624 3836 2018 3962; baseline -0.003 -32"><span class='ocrx_word' id='word_1_231' title='bbox 624 3841 714 3931; x_wconf 82' lang='lat' dir='ltr'>fufis</span> <span class='ocrx_word' id='word_1_232' title='bbox 730 3846 914 3959; x_wconf 76' lang='lat' dir='ltr'>lacrymis</span> <span class='ocrx_word' id='word_1_233' title='bbox 941 3836 1119 3939; x_wconf 82' lang='lat' dir='ltr'>universa</span> <span class='ocrx_word' id='word_1_234' title='bbox 1145 3870 1272 3956; x_wconf 90' lang='lat' dir='ltr'>nuper</span> <span class='ocrx_word' id='word_1_235' title='bbox 1303 3846 1392 3940; x_wconf 88' lang='lat' dir='ltr'>uxit</span> <span class='ocrx_word' id='word_1_236' title='bbox 1412 3850 1575 3942; x_wconf 82' lang='lat' dir='ltr'>Roma,</span> <span class='ocrx_word' id='word_1_237' title='bbox 1607 3873 1727 3962; x_wconf 85' lang='lat' dir='ltr'>atque</span> <span class='ocrx_word' id='word_1_238' title='bbox 1752 3879 1829 3962; x_wconf 88' lang='lat' dir='ltr'>ego</span> <span class='ocrx_word' id='word_1_239' title='bbox 1843 3848 1886 3928; x_wconf 90' lang='lat' dir='ltr'>in</span> <span class='ocrx_word' id='word_1_240' title='bbox 2002 3867 2018 3876; x_wconf 73' lang='lat'><strong><em>‘</em></strong></span> 
     </span>
     <span class='ocr_line' id='line_1_30' title="bbox 622 3957 1886 4074; baseline -0.002 -30"><span class='ocrx_word' id='word_1_241' title='bbox 622 3964 795 4073; x_wconf 88' lang='lat' dir='ltr'>primis,</span> <span class='ocrx_word' id='word_1_242' title='bbox 819 3991 912 4061; x_wconf 69' lang='lat' dir='ltr'>eum</span> <span class='ocrx_word' id='word_1_243' title='bbox 924 3986 1007 4071; x_wconf 93' lang='lat' dir='ltr'>quo</span> <span class='ocrx_word' id='word_1_244' title='bbox 1021 3957 1091 4047; x_wconf 84' lang='lat' dir='ltr'>iile</span> <span class='ocrx_word' id='word_1_245' title='bbox 1104 3957 1319 4046; x_wconf 75' lang='lat' dir='ltr'>aretissimo</span> <span class='ocrx_word' id='word_1_246' title='bbox 1334 3965 1526 4050; x_wconf 76' lang='lat' dir='ltr'>amicitiae</span> <span class='ocrx_word' id='word_1_247' title='bbox 1539 3963 1886 4074; x_wconf 75' lang='lat' dir='ltr'>vinculoeonjun-</span> 
     </span>
     <span class='ocr_line' id='line_1_31' title="bbox 623 4072 1884 4197; baseline -0.004 -34"><span class='ocrx_word' id='word_1_248' title='bbox 623 4086 817 4194; x_wconf 85' lang='lat' dir='ltr'>gebatur,</span> <span class='ocrx_word' id='word_1_249' title='bbox 848 4081 912 4176; x_wconf 79' lang='lat' dir='ltr'>vir</span> <span class='ocrx_word' id='word_1_250' title='bbox 924 4072 1040 4190; x_wconf 86' lang='lat' dir='ltr'>plane</span> <span class='ocrx_word' id='word_1_251' title='bbox 1057 4073 1253 4169; x_wconf 83' lang='lat' dir='ltr'>summus,</span> <span class='ocrx_word' id='word_1_252' title='bbox 1285 4075 1468 4192; x_wconf 84' lang='lat' dir='ltr'>fingulari</span> <span class='ocrx_word' id='word_1_253' title='bbox 1483 4083 1677 4197; x_wconf 76' lang='lat' dir='ltr'>ingenio,</span> <span class='ocrx_word' id='word_1_254' title='bbox 1709 4073 1884 4174; x_wconf 77' lang='lat' dir='ltr'>incredi-</span> 
     </span>
     <span class='ocr_line' id='line_1_32' title="bbox 624 4191 1884 4299; baseline -0.004 -17"><span class='ocrx_word' id='word_1_255' title='bbox 624 4195 699 4282; x_wconf 84' lang='lat' dir='ltr'>bili</span> <span class='ocrx_word' id='word_1_256' title='bbox 725 4197 939 4293; x_wconf 74' lang='lat' dir='ltr'>industtia,</span> <span class='ocrx_word' id='word_1_257' title='bbox 969 4194 1013 4275; x_wconf 89' lang='lat' dir='ltr'>in</span> <span class='ocrx_word' id='word_1_258' title='bbox 1041 4199 1152 4280; x_wconf 91' lang='lat' dir='ltr'>omni</span> <span class='ocrx_word' id='word_1_259' title='bbox 1180 4191 1510 4290; x_wconf 85' lang='lat' dir='ltr'>difficillimorum</span> <span class='ocrx_word' id='word_1_260' title='bbox 1538 4199 1884 4299; x_wconf 72' lang='lat' dir='ltr'>machinamento·</span> 
     </span>
     <span class='ocr_line' id='line_1_33' title="bbox 623 4309 1885 4430; baseline -0.004 -30"><span class='ocrx_word' id='word_1_261' title='bbox 623 4341 713 4400; x_wconf 88' lang='lat' dir='ltr'>rum</span> <span class='ocrx_word' id='word_1_262' title='bbox 724 4343 868 4426; x_wconf 86' lang='lat' dir='ltr'>genere</span> <span class='ocrx_word' id='word_1_263' title='bbox 882 4309 958 4410; x_wconf 86' lang='lat' dir='ltr'>suis</span> <span class='ocrx_word' id='word_1_264' title='bbox 975 4313 1100 4398; x_wconf 87' lang='lat' dir='ltr'>etiarn</span> <span class='ocrx_word' id='word_1_265' title='bbox 1114 4310 1362 4410; x_wconf 77' lang='lat' dir='ltr'>elaborando</span> <span class='ocrx_word' id='word_1_266' title='bbox 1376 4319 1556 4412; x_wconf 85' lang='lat' dir='ltr'>manibus</span> <span class='ocrx_word' id='word_1_267' title='bbox 1574 4373 1585 4412; x_wconf 84' lang='lat'><strong>,</strong></span> <span class='ocrx_word' id='word_1_268' title='bbox 1618 4311 1885 4430; x_wconf 83' lang='lat' dir='ltr'>perficiendo·</span> 
     </span>
     <span class='ocr_line' id='line_1_34' title="bbox 625 4427 1883 4632; baseline 0.002 -118"><span class='ocrx_word' id='word_1_269' title='bbox 625 4461 702 4547; x_wconf 91' lang='lat' dir='ltr'>que</span> <span class='ocrx_word' id='word_1_270' title='bbox 719 4490 730 4522; x_wconf 94' lang='lat'><strong><em>,</em></strong></span> <span class='ocrx_word' id='word_1_271' title='bbox 745 4427 1074 4632; x_wconf 72' lang='lat' dir='ltr'>seperpoliendo</span> <span class='ocrx_word' id='word_1_272' title='bbox 1093 4487 1104 4521; x_wconf 70' lang='lat'><em>2</em></span> <span class='ocrx_word' id='word_1_273' title='bbox 1121 4429 1224 4532; x_wconf 88' lang='lat' dir='ltr'>nulli</span> <span class='ocrx_word' id='word_1_274' title='bbox 1242 4435 1411 4545; x_wconf 84' lang='lat' dir='ltr'>Europae</span> <span class='ocrx_word' id='word_1_275' title='bbox 1427 4429 1571 4526; x_wconf 81' lang='lat' dir='ltr'>artifici</span> <span class='ocrx_word' id='word_1_276' title='bbox 1585 4437 1715 4547; x_wconf 85' lang='lat' dir='ltr'>impar</span> <span class='ocrx_word' id='word_1_277' title='bbox 1730 4491 1742 4526; x_wconf 88' lang='lat'>‚</span> <span class='ocrx_word' id='word_1_278' title='bbox 1760 4458 1883 4549; x_wconf 91' lang='lat' dir='ltr'>quem</span> 
     </span>
     <span class='ocr_line' id='line_1_35' title="bbox 629 4548 1880 4662; baseline 0.002 -28"><span class='ocrx_word' id='word_1_279' title='bbox 629 4580 706 4662; x_wconf 86' lang='lat' dir='ltr'>ego</span> <span class='ocrx_word' id='word_1_280' title='bbox 717 4550 786 4661; x_wconf 91' lang='lat' dir='ltr'>qui</span> <span class='ocrx_word' id='word_1_281' title='bbox 818 4577 880 4632; x_wconf 87' lang='lat' dir='ltr'>ern</span> <span class='ocrx_word' id='word_1_282' title='bbox 898 4550 947 4632; x_wconf 88' lang='lat' dir='ltr'>ad</span> <span class='ocrx_word' id='word_1_283' title='bbox 966 4548 1049 4632; x_wconf 80' lang='lat' dir='ltr'>haec</span> <span class='ocrx_word' id='word_1_284' title='bbox 1075 4549 1335 4646; x_wconf 86' lang='lat' dir='ltr'>instrumenta</span> <span class='ocrx_word' id='word_1_285' title='bbox 1353 4549 1608 4637; x_wconf 78' lang='lat' dir='ltr'>&#39;efformanda</span> <span class='ocrx_word' id='word_1_286' title='bbox 1631 4555 1675 4638; x_wconf 68' lang='grc' dir='ltr'>ὅ(</span> <span class='ocrx_word' id='word_1_287' title='bbox 1693 4550 1880 4638; x_wconf 76' lang='lat' dir='ltr'>amicitiae</span> 
     </span>
     <span class='ocr_line' id='line_1_36' title="bbox 626 4663 1876 4777; baseline 0.006 -30"><span class='ocrx_word' id='word_1_288' title='bbox 626 4667 766 4752; x_wconf 81' lang='lat' dir='ltr'>nostrae</span> <span class='ocrx_word' id='word_1_289' title='bbox 782 4668 897 4773; x_wconf 86' lang='lat' dir='ltr'>jure,</span> <span class='ocrx_word' id='word_1_290' title='bbox 922 4668 967 4750; x_wconf 76' lang='grc' dir='ltr'>δι</span> <span class='ocrx_word' id='word_1_291' title='bbox 983 4663 1099 4777; x_wconf 78' lang='lat' dir='ltr'>ipsius</span> <span class='ocrx_word' id='word_1_292' title='bbox 1113 4671 1343 4754; x_wconf 75' lang='lat' dir='ltr'>varan-nrt</span> <span class='ocrx_word' id='word_1_293' title='bbox 1370 4671 1610 4757; x_wconf 74' lang='lat' dir='ltr'>auetoritate</span> <span class='ocrx_word' id='word_1_294' title='bbox 1624 4665 1876 4758; x_wconf 79' lang='lat' dir='ltr'>libentiffime</span> 
     </span>
     <span class='ocr_line' id='line_1_37' title="bbox 626 4779 1880 4907; baseline 0.002 -40"><span class='ocrx_word' id='word_1_295' title='bbox 626 4783 902 4897; x_wconf 76' lang='lat' dir='ltr'>perpuliffern›</span> <span class='ocrx_word' id='word_1_296' title='bbox 930 4779 1000 4869; x_wconf 85' lang='lat' dir='ltr'>nist</span> <span class='ocrx_word' id='word_1_297' title='bbox 1024 4783 1142 4897; x_wconf 85' lang='lat' dir='ltr'>longe</span> <span class='ocrx_word' id='word_1_298' title='bbox 1165 4783 1254 4872; x_wconf 84' lang='lat' dir='ltr'>aliis</span> <span class='ocrx_word' id='word_1_299' title='bbox 1277 4783 1509 4898; x_wconf 81' lang='lat' dir='ltr'>gratiffimis</span> <span class='ocrx_word' id='word_1_300' title='bbox 1537 4792 1675 4884; x_wconf 87' lang='lat' dir='ltr'>curis,</span> <span class='ocrx_word' id='word_1_301' title='bbox 1702 4807 1880 4907; x_wconf 77' lang='lat' dir='ltr'>atque-s</span> 
     </span>
    </p>
   </div>
   <div class='ocr_carea' id='block_1_2' title="bbox 1776 4931 1881 5032">
    <p class='ocr_par' dir='ltr' id='par_1_4' title="bbox 1776 4931 1881 5032">
     <span class='ocr_line' id='line_1_38' title="bbox 1776 4931 1881 5032; baseline -0.076 -28"><span class='ocrx_word' id='word_1_302' title='bbox 1776 4931 1881 5032; x_wconf 66' lang='lat' dir='ltr'>-ope‘</span> 
     </span>
    </p>
   </div>
   <div class='ocr_carea' id='block_1_3' title="bbox 0 0 2132 5730">
    <p class='ocr_par' dir='ltr' id='par_1_5' title="bbox 0 0 2132 5730">
     <span class='ocr_line' id='line_1_39' title="bbox 0 0 2132 5730; baseline 0 1"><span class='ocrx_word' id='word_1_303' title='bbox 0 0 2132 5730; x_wconf 95' lang='lat' dir='ltr'> </span> 
     </span>
    </p>
   </div>
  </div>
 </body>
</html>
