4156 5752
494 569 1119 663 TERTIUM.
1360 588 1437 684 169

230 723 268 806 3.
296 691 502 814 Quoiam
517 723 613 782 vero
640 689 848 780 inlinitum
861 692 1072 781 videbatur
1099 717 1240 784 omues
1265 697 1436 790 omnino
1459 715 1694 774 aurursus„

166 805 413 897 Tabularum
436 813 810 927 Geographicarum
838 810 1028 898 hastenus
1056 815 1257 897 editarum
1283 840 1438 899 errores
1458 797 1695 936 ffljff‘m

164 930 375 1041 corrigere
391 983 402 1017 ,
419 959 547 1043 neque
563 929 650 1016 sieri
662 953 829 1044 poterat
845 983 858 1018 ,
874 923 945 1011 nili
957 930 1259 1046 quamplurimis
1277 925 1440 1015 adscitis

163 1040 347 1150 ejusdem
364 1044 515 1134 laboris
534 1042 674 1134 sociis.
708 1069 755 1132 ut
773 1072 856 1132 tarn
876 1052 978 1132 varii
1011 1045 1229 1134 fluviorum
1242 1048 1436 1134 Maeandri

162 1188 209 1245 ac
224 1155 368 1250 finuosr
384 1165 509 1253 llexus
527 1169 773 1251 torrentium
790 1169 869 1251 rite
895 1162 1241 1255 describerentur,
1272 1166 1365 1254 ideo
1377 1167 1437 1250 his

161 1282 461 1394 praetermiffis‚
489 1283 591 1370 nihil
618 1282 728 1370 aliud
757 1285 875 1369 nobis
899 1278 1157 1398 propofitum
1184 1280 1288 1374 fuit,
1314 1311 1436 1396 quarn

162 1422 212 1481 ut
243 1404 357 1484 urbes
389 1402 560 1488 ditionis
585 1403 728 1509 hujus,
756 1429 802 1484 ac
816 1398 911 1486 loca
923 1399 996 1485 illa
1007 1429 1096 1515 quae
1113 1401 1204 1487 inde
1234 1401 1434 1490 observari

162 1513 357 1628 possent,
384 1549 520 1605 verum
536 1516 648 1604 suurn
667 1517 784 1604 satum
814 1514 1156 1634 adipiscerentur.
1184 1524 1314 1606 Certo
1327 1529 1434 1613 enim

157 1631 651 1749 nobispersuadebarnus,
680 1633 857 1750 quaehoc
886 1633 995 1721 sacto
1021 1635 1363 1736 defiderarentur,
1389 1675 1435 1731 ea

160 1756 305 1840 omnia
322 1811 333 1845 ,
360 1751 419 1836 sat
434 1777 528 1841 tuto
546 1783 595 1839 ex
611 1751 774 1840 Tabulis
790 1749 1102 1865 particularibus
1129 1757 1431 1848 Provinciarum

159 1870 346 1986 suppleri
387 1870 491 1961 olse,
522 1901 614 1957 cum
629 1872 672 1954 in
686 1871 839 1984 exiguis
857 1871 1054 1955 distantiis
1083 1899 1251 1984 magnos
1274 1901 1436 1966 errores·

160 1992 326 2075 minime
341 1899 630 2103 lsspicaremur
647 2054 656 2073 .
688 1995 782 2110 Qua
792 2009 925 2074 tamen
942 1991 983 2073 in
999 2017 1041 2073 re
1054 1991 1200 2102 opinio
1213 2017 1285 2076 nos
1300 1996 1432 2081 nostra

158 2103 311 2192 fefellit
324 2103 685 2221 quamplurimum.
715 2107 842 2226 Quod
868 2107 974 2190 euim
1001 2107 1258 2192 statueramus
1289 2115 1432 2220 praeci-

160 2253 291 2337 puum
304 2221 547 2308 Tabularum
563 2225 722 2309 illarum
736 2223 880 2309 vitium
895 2223 937 2308 in
963 2255 1013 2311 eo
1041 2219 1158 2309 ficum
1189 2223 1289 2318 else,
1317 2229 1435 2341 quod

157 2336 407 2426 Meridianus
428 2341 476 2425 ad
493 2339 611 2426 aliam
635 2338 681 2427 ac
695 2345 945 2457 oportebat,
975 2338 1086 2426 Coeli
1105 2340 1262 2455 plagam
1279 2343 1428 2458 dirige·

154 2479 297 2548 retur,
325 2457 367 2538 id
383 2453 526 2544 statim
541 2459 661 2573 longe
678 2460 798 2544 aliter
811 2455 849 2543 se
863 2460 1008 2544 habere
1033 2455 1321 2572 deprehensum
1344 2464 1425 2557 est,

157 2605 282 2662 cum,
313 2599 359 2660 ut
376 2603 425 2660 ex
441 2575 595 2664 Tabula
610 2581 787 2664 Umbriae
802 2575 1033 2695 exemplum
1051 2572 1278 2667 desumam,
1308 2579 1426 2691 quale

154 2693 280 2777 etiam
295 2721 344 2778 ex
360 2693 445 2781 aliis
459 2698 545 2810 peti
563 2695 690 2810 posset
706 2751 718 2785 ,
734 2696 870 2778 habita
883 2697 1044 2780 ratione
1057 2691 1214 2805 Spoleti
1231 2699 1260 2783 ,¹
1293 2695 1428 2808 Fulgi-

146 2811 264 2918 nium
281 2812 461 2898 undecim
487 2809 568 2898 sere
584 2805 955 2924 passuummillibus
972 2808 1021 2894 ad
1034 2806 1171 2895 larvam
1185 2813 1218 2897 ,²
1245 2807 1424 2901 Nurfiae

149 2931 370 3013 contrario
388 2932 625 3017 tantundem
654 2929 821 3014 circiter
850 2927 900 3014 ad
930 2927 1135 3014 dexteram
1161 2923 1421 3022 inflectatur,

149 3049 337 3131 Nuceria
348 3070 482 3131 autern
496 3051 603 3146 inter
621 3045 737 3134 hasce
765 3048 880 3132 urbes
904 3047 1038 3130 media
1060 3045 1240 3129 debitam
1273 3073 1424 3158 prope·

147 3161 328 3244 rno‘dum
344 3163 443 3243 coeli
462 3162 621 3275 plagam
635 3160 826 3276 respiciat
840 3218 853 3252 ,
867 3267 870 3272 ,
884 3156 950 3244 sed
965 3183 1098 3246 tamen
1114 3163 1224 3246 denis
1236 3157 1420 3274 passuum

146 3273 339 3360 millibus
352 3277 442 3389 plus
453 3281 559 3384 justo
576 3277 749 3394 Spoleto
762 3279 1050 3366 admoveatur.
1079 3278 1217 3390 Atque
1232 3279 1315 3364 haec
1331 3285 1420 3393 qui·¹

146 3393 247 3477 dem
268 3389 350 3508 sola
366 3397 475 3481 ratio
501 3391 594 3482 satis
621 3397 752 3482 obstat
773 3452 784 3485 ,
844 3397 1027 3480 uominus
1043 3393 1231 3482 locorum
1251 3397 1420 3504 interja-

144 3511 332 3594 centium
347 3505 439 3597 srtus
458 3541 567 3602 ,non
581 3514 677 3599 dico
694 3517 800 3598 rer⁰te
813 3423 851 3597 se
863 3515 1035 3602 habere,
1063 3510 1129 3596 sed
1143 3540 1272 3626 neque
1286 3515 1337 3597 ad
1352 3537 1418 3600 to-

147 3625 360 3744 lerabilem
376 3658 468 3715 cnm
483 3634 655 3718 veritate
669 3630 933 3716 concordiam
947 3626 1092 3714 adduci
1108 3627 1283 3744 poffint.
1308 3629 1417 3746 Mul·¹

145 3765 238 3829 tum
256 3767 390 3833 autern
409 3751 517 3835 abest
533 3813 544 3842 ‚
575 3771 622 3834 ut
635 3747 717 3860 ejus
731 3742 853 3832 solius
867 3749 908 3831 in
924 3748 998 3831 hac
1014 3773 1057 3828 re
1070 3747 1298 3834 aestimanda
1309 3751 1418 3834 ratio

154 3855 417 3950 ducendast.
435 3869 555 3954 Haud
569 3897 663 3952 raro
675 3865 785 3948 euim
798 3867 841 3947 in
855 3862 1021 3952 Tabulis
1038 3859 1336 3954 istisusuvenit,
1368 3891 1417 3962 ut

149 3980 343 4092 quaeloca
369 3988 477 4070 inter
503 3986 614 4070 binas
636 3985 753 4069 urbes
780 3983 910 4068 media
937 3977 1058 4075 suut,
1084 3981 1192 4076 eaad
1209 3979 1416 4096 oppositas

148 4097 315 4185 alterius
327 4099 486 4189 illarum
502 4127 637 4215 partes
657 4099 972 4189 transferantur,
992 4095 1217 4208 cujusmodi
1233 4127 1415 4186 errorum

146 4211 291 4300 seriem
303 4239 520 4306 contexere
533 4218 729 4333 longum,
757 4247 802 4304 ac
817 4218 1119 4331 propemodum
1138 4211 1342 4302 infinitum
1357 4213 1416 4307 es-

149 4317 213 4417 set
229 4397 236 4416 .
252 4335 388 4446 ltaque
404 4335 457 4419 nil
473 4340 619 4424 mirum
637 4395 648 4428 ,
674 4331 727 4429 li,
745 4337 858 4452 quod
874 4330 975 4446 saepe
989 4333 1285 4422 observavimus
1305 4391 1318 4428 ,
1336 4337 1419 4456 tria·

152 4446 247 4536 loca
262 4454 305 4532 in
331 4451 529 4541 directum
554 4455 730 4562 jacentia
758 4456 802 4536 iu
817 4451 980 4540 Tabulis
999 4449 1262 4542 nihilominus
1287 4457 1414 4542 trian-

7 4647 9 4662 ,
148 4566 290 4685 gulum
309 4565 392 4658 sere
414 4575 691 4688 aequilaterum
715 4571 951 4659 efforment.
977 4573 1079 4660 Fieri
1093 4595 1227 4662 autern
1241 4572 1416 4665 omninog

7 4681 10 4792 ζ
149 4716 230 4775 non
248 4711 442 4804 poterat,
469 4717 514 4779 ut
527 4719 577 4779 ex
589 4688 808 4806 multiplici
830 4691 909 4774 hoc
928 4719 1109 4788 errorum
1128 4690 1241 4776 sonte
1270 4689 1412 4770 imma-

149 4833 215 4897 nes
228 4809 503 4924 saepenumero
516 4809 758 4896 inlocorum
771 4807 1044 4916 adjacentium
1057 4803 1269 4898 intervalla
1295 4831 1410 4890 erro·

306 4995 319 5036 a
343 4979 473 5058 tetigus,
606 4989 623 5038 a
644 4977 759 5049 Nortia,
916 4927 954 5014 Y
1348 4951 1410 5013 res
