4136 5778
679 617 762 723 ma
1016 597 1618 696 OPUSCULUM³
1874 713 1879 720 ¹

432 759 662 834 mereamur.
737 726 779 826 7.'
812 729 944 812 Porro
961 717 1113 838 duplex
1126 726 1182 811 est
1195 725 1409 808 methodus
1424 717 1685 839 investigandi
1703 713 1942 834 figurainab

430 841 911 970 gg¹¹⁸²²¹·⁰¹⁸·⁶·aequilibrio
924 839 1177 953 requisitam.
1203 840 1338 924 Prima
1363 839 1419 924 est
1447 867 1520 928 ea,
1546 862 1633 950 quae
1649 839 1790 922 oritur
1805 865 1858 924 ex
1877 840 1938 919 di-

479 915 546 992 ω’
677 960 858 1044 redtione
876 961 1059 1067 gravium
1079 960 1119 1038 in
1138 951 1347 1068 superficie
1365 953 1479 1039 fluidi
1497 1009 1509 1044 ,
1532 947 1620 1067 qnae
1650 954 1776 1039 debet
1804 949 1940 1039 effu

640 1103 645 1114 ’
676 1072 1020 1188 perpendicularis
1046 1071 1094 1154 ad
1111 1067 1361 1184 superficiem
1376 1066 1503 1184 ipsam
1515 1091 1530 1162 ';
1559 1096 1649 1154 narn
1677 1069 1820 1161 aliter,
1854 1097 1940 1180 qua

562 1183 568 1190 ’
676 1219 722 1273 ea
747 1191 923 1272 diredt'io
954 1183 1056 1269 infra
1088 1180 1339 1298 superficiem
1363 1192 1602 1271 continuata
1625 1183 1815 1304 anguium
1839 1212 1935 1268 cum

676 1304 816 1388 eadem
840 1297 1053 1414 superficie
1063 1324 1226 1386 acutum
1241 1297 1445 1391 efficeret,
1474 1303 1634 1384 ineam
1658 1303 1852 1412 partem,
1883 1321 1934 1380 nt

673 1449 747 1532 per
760 1416 917 1501 declive
932 1416 1137 1530 quoddam
1161 1415 1351 1530 pianum,
1376 1415 1574 1502 deflueret
1591 1415 1764 1502 fluidum
1780 1413 1935 1526 ipsum:

671 1533 999 1622 secundantem
1025 1561 1113 1645 quae
1125 1531 1484 1620 cmsrderatbinos
1499 1531 1658 1617 canales
1674 1534 1783 1616 intra
1795 1529 1933 1614 Tellu-

671 1680 760 1737 rem
775 1651 1039 1733 continuatos
1055 1709 1066 1739 ,
1082 1647 1212 1734 fluido
1227 1647 1368 1760 plenos
1382 1707 1395 1739 ‚
1409 1653 1453 1734 δε
1475 1653 1518 1731 in
1532 1648 1764 1761 aequilibrio
1781 1646 1936 1760 politos

672 1769 750 1856 ita,
765 1791 812 1851 ut
825 1769 1020 1878 ponetum
1036 1771 1160 1848 imum
1176 1765 1316 1876 aequaii
1333 1768 1521 1876 utrinque
1536 1763 1717 1878 pondere
1731 1785 1934 1875 urgeatur.

465 1907 574 1971 marmx
592 1907 664 1962 ene
736 1900 773 1970 8.
805 1881 1132 1965 Demonstratum
1143 1882 1224 1986 jam
1238 1881 1293 1964 est
1306 1881 1407 1964 iilud
1424 1937 1436 1971 ‚
1454 1880 1529 1966 effe
1544 1875 1738 1994 quasdam
1756 1882 1932 1990 gravita-

425 1981 660 2118 f⁸⁸⁵⁰⁶¹422s¹s²22
675 2005 728 2085 tia
741 1991 1009 2112 hypotheses,
1043 1995 1440 2104 inquibuslicethac
1457 1995 1628 2082 secunda
1658 1994 1930 2081 methodoin·

508 2082 540 2134 ᾳ
675 2118 863 2200 veniatur
874 2110 1144 2222 aequilibrium
1162 2165 1174 2200 ‚
1204 2112 1332 2197 adhuc
1352 2139 1483 2198 tamen
1499 2112 1799 2226 iliudprimum
1813 2111 1931 2221 mqui-

672 2232 787 2316 librir
799 2257 923 2341 genus
938 2255 1024 2313 non
1035 2228 1258 2316 habeatur,
1287 2225 1476 2344 quotasu
1491 2225 1687 2319 fluidum,
1706 2232 1751 2312 in
1766 2254 1927 2340 quota·

672 2346 780 2430 nales
795 2373 933 2428 omnes
947 2369 1058 2455 aeque
1074 2348 1113 2428 in
1130 2346 1255 2428 imum
1269 2352 1466 2459 pund'tum
1479 2346 1709 2460 ponderent
1725 2403 1738 2436 ,
1754 2349 1799 2427 in
1812 2347 1929 2456 aequi·

668 2463 795 2546 librio
807 2462 1009 2548 nouerit,
1025 2487 1098 2544 nec
1109 2459 1319 2546 confistere
1331 2466 1513 2574 poterit.
1547 2460 1613 2544 sed
1627 2481 1832 2574 perpetuo
1844 2489 1929 2544 mo-

669 2601 716 2664 tu
746 2577 999 2688 agitabitur,
1028 2575 1143 2688 quod
1168 2577 1334 2687 quidem
1357 2579 1511 2662 accidit
1525 2581 1566 2660 in
1578 2580 1625 2662 iis
1637 2574 1928 2690 hypothesibus

667 2694 989 2783 tantummodo,
1021 2696 1062 2774 in
1086 2694 1231 2804 quibus
1252 2697 1536 2807 gravitatisvis
1551 2722 1631 2780 non
1649 2690 1929 2776 asoiadistau-

661 2813 722 2896 tia
734 2808 924 2923 pendeat,
942 2802 1007 2892 fed
1021 2809 1148 2894 etiam
1161 2841 1183 2894 a
1196 2807 1511 2921 politionem&
1530 2839 1628 2896 veto
1642 2813 1784 2924 gravia
1798 2807 1864 2891 vel
1879 2805 1929 2890 ad

661 2929 826 3012 unicum
842 2947 1030 3008 centrum
1049 2925 1250 3018 tendant,
1281 2925 1346 3012 vel
1372 2928 1423 3011 ad
1449 2955 1659 3012 numerum
1684 2949 1929 3010 centtorum
2059 2975 2060 3000 r

506 3139 511 3146 ,
577 3136 581 3146 ,
661 3053 987 3158 quemcumque,
1021 3039 1768 3160 binae'methodisemp'erconspirant.

417 3145 647 3280 fflffiss‘sssg
720 3193 758 3265 9.
792 3162 838 3244 ld
855 3159 1106 3272 egoquidem
1122 3161 1328 3248 theorema
1339 3163 1669 3278 hic'nequaquam
1683 3159 1927 3246 demonstra·

417 3242 563 3354 :airum
599 3301 647 3361 ne,
663 3277 737 3362 bor
754 3303 828 3360 nec
845 3286 980 3360 tamen
992 3293 1206 3388 utramque
1222 3279 1457 3364 methodum
1470 3309 1545 3393 per
1557 3281 1831 3392 geometriam
1843 3271 1925 3358 fim-
2058 3327 2059 3330 κ

415 3373 649 3508 :ffffi'ffijg
660 3389 814 3501 plicem
827 3392 1057 3484 adhibebo,
1079 3392 1145 3478 sed
1160 3397 1317 3480 unicam
1344 3393 1456 3480 illam
1471 3399 1671 3482 canaiium
1686 3395 1928 3478 terminato·

415 3543 480 3581 nrm
498 3562 508 3590 ,
536 3534 579 3584 „r
599 3532 644 3587 aa·
663 3535 754 3590 rum
766 3506 814 3591 ad
830 3529 1019 3590 centrum
1035 3538 1111 3620 pro
1124 3511 1171 3592 iis
1184 3515 1395 3622 gravitatis
1409 3510 1801 3626 hypothesiburmuae
1818 3509 1868 3590 ad
1883 3537 1928 3588 u·

414 3621 603 3666 ‘²⁰⁸²''⁸²·
663 3627 998 3710 nicumcenrrum
1010 3625 1362 3739 dirigunt-gravia,
1379 3627 1443 3712 vel
1458 3632 1506 3712 ad
1520 3629 1620 3719 duo,
1636 3635 1680 3716 ἃ
1693 3625 1926 3712 unicamdi·
2057 3659 2058 3682 ι

663 3743 859 3828 terrionis
876 3739 1219 3856 perpendicuiari's
1236 3739 1561 3858 superficieipro·
1572 3745 1783 3859 hypothefi
1792 3739 1924 3851 gravi·

663 3863 759 3941 ratis
771 3859 973 3942 tendentis
990 3857 1207 3948 secundum
1219 3879 1426 3972 tangentes
1440 3861 1545 3948 datae
1560 3860 1922 3966 cujusdameurvae.

659 3975 765 4058 Nam
782 4000 855 4055 nec
873 3976 1174 4084 in'gravitatum
1199 3997 1345 4088 genere
1363 4027 1378 4068 ‚-
1405 3979 1517 4090 quod
1542 3983 1584 4062 in
1601 3985 1753 4066 Natura
1770 4000 1925 4084 nequa·

656 4116 777 4200 quam
792 4087 1122 4200 existit‚piuribus
1141 4091 1205 4173 hic
1220 4095 1516 4180 immorandum
1531 4095 1608 4182 effe
1618 4101 1812 4182 arbitror,
1834 4085 1925 4175 &fi

655 4203 765 4288 forte
783 4206 1123 4316 etiamquaepiam
1136 4231 1186 4290 ex
1199 4209 1247 4290 iis
1260 4209 1542 4321 hypothefibus
1558 4219 1599 4296 in
1616 4219 1776 4300 Natura
1791 4209 1926 4292 existe·

654 4341 754 4407 ret,
785 4350 880 4404 cum
905 4333 1052 4433 ‘agatur
1078 4319 1127 4406 de
1156 4321 1280 4434 figura
1294 4327 1493 4421 Telluris,
1524 4361 1647 4442 quam
1672 4333 1858 4418 videmus
1885 4329 1924 4408 in

652 4433 886 4546 aequilibrio
903 4439 1077 4552 perstate
1094 4449 1108 4539 (
1128 4443 1263 4551 exigui
1277 4446 1384 4528 enim
1399 4449 1560 4557 quidam
1577 4469 1748 4537 motus,
1768 4469 1824 4540 ,ut
1846 4473 1923 4528 ma·

653 4555 707 4636 ris
721 4552 857 4642 aestus,
887 4575 933 4638 ut
948 4556 1050 4637 certi
1073 4558 1249 4642 incertis
1263 4557 1362 4644 locis
1381 4567 1551 4648 marium
1565 4565 1806 4677 procursus,
1823 4588 1922 4674 quot

653 4669 825 4754 dicimur
858 4671 891 4753 ie
924 4681 1081 4756 currenti
1117 4699 1320 4780 ,parvum
1346 4679 1566 4766 admodum
1590 4683 1810 4792 aequilibrii
1842 4705 1924 4791 per·

654 4790 932 4878 turbationem
962 4786 1172 4882 indicant,
1203 4793 1787 4918 cnjunctiamipfiur‘exte'rnae
1802 4789 1924 4878 cause

1726 4941 1769 4996 m
1782 4939 1924 5031 prom·
