4178 5748
532 571 1067 665 SECUNnqu
1347 610 1424 696 ης

171 693 246 782 lit:
272 685 463 782 secundus
488 692 648 808 oppido
674 697 844 782 Sosiano
859 696 1072 787 imminet,
1099 687 1207 778 unde
1220 695 1341 782 etiarn
1356 725 1432 782 no-

170 807 258 901 men
275 813 574 897 mutuatusest.
600 809 741 898 Priscis
755 834 890 898 autem
904 815 1155 926 temporibus
1181 834 1318 900 totum
1332 813 1433 901 illud

169 936 335 1044 jugum,
361 930 475 1034 cujus
503 955 618 1016 mons
647 929 718 1018 iste
754 951 912 1042 partem
950 929 1203 1018 editissimam
1234 957 1436 1048 occupat,

169 1050 328 1138 Montis
341 1047 493 1135 Cimini
509 1051 672 1132 nomine
688 1041 995 1156 iufigniebatur.
1025 1046 1191 1136 Tertius
1206 1048 1335 1164 quinis
1347 1045 1436 1136 mil·

169 1165 272 1254 libus
304 1163 480 1279 passuum
509 1162 681 1278 Spoleto
709 1163 816 1252 abest
849 1167 906 1250 cis
940 1170 1088 1250 Narem
1120 1163 1287 1254 fluvium
1318 1223 1332 1258 ,
1366 1171 1436 1284 qui

169 1289 251 1394 ejus
273 1283 462 1372 radicem
488 1279 630 1366 alluit.
665 1289 844 1396 Quartus
870 1287 883 1324 ¹
915 1283 1134 1370 Nuceriam
1162 1283 1211 1368 ad
1240 1286 1439 1372 Occiden·

171 1425 253 1492 tem
267 1399 404 1488 Solem
419 1400 506 1512 pari
534 1396 656 1486 ferme
683 1394 904 1490 intervallo
932 1398 1048 1488 fitam
1077 1397 1273 1515 despicit.
1302 1399 1438 1490 Tesrur

154 1521 310 1634 *jugum
324 1517 381 1604 est
395 1519 438 1600 in
451 1546 550 1631 agro
574 1512 786 1606 Perufino,
817 1518 1057 1604 tantundem
1069 1515 1151 1604 sere
1166 1521 1216 1604 ab
1240 1521 1351 1604 Urbe
1366 1525 1439 1607 Pe-

169 1637 272 1724 rufia
286 1635 337 1720 ad
354 1629 646 1746 septentriones
664 1627 887 1722 semotum.
915 1637 1096 1726 Cetrium
1121 1631 1328 1749 appellant
1349 1665 1439 1720 ver-

170 1758 302 1840 ticem
315 1751 502 1835 altiorem
515 1749 671 1836 Montis
689 1752 872 1862 bicipitis
886 1747 1004 1862 supra
1022 1753 1295 1842 Cantiarrum,
1324 1754 1438 1859 eujus

172 1869 296 1964 alteri
328 1869 471 1972 uertici
499 1863 578 1952 sere
594 1867 688 1956 huic
712 1865 857 1979 aequali
884 1865 1081 1954 Occasum
1104 1868 1278 1954 aestivum
1305 1866 1436 1956 sersus

168 1985 308 2076 Monti
334 2005 457 2069 acuto
471 2011 620 2072 nomen
633 1985 711 2072 est.
740 1981 1174 2098 CarpegnaaCastello
1191 1988 1437 2098 cognomine

170 2098 489 2217 appellationem
507 2123 716 2188 mutuatur
735 2157 746 2190 ,
776 2102 888 2208 cujus
902 2103 1026 2190 etiam
1043 2103 1084 2186 in
1113 2102 1271 2190 ditione
1284 2104 1444 2194 Montis

170 2250 265 2334 pars
281 2213 565 2332 magnapofita
580 2219 653 2304 est.
684 2220 818 2304 Habet
846 2218 972 2306 etiam
988 2217 1093 2302 infra
1107 2213 1146 2302 l'e
1163 2218 1213 2302 ad
1240 2218 1443 2304 Occiden-

169 2355 258 2424 tem
279 2328 400 2420 solem
419 2337 559 2422 urbem
574 2335 787 2448 exiguam,
821 2355 867 2418 ut
883 2337 924 2418 in
938 2332 1043 2420 locis
1058 2333 1307 2422 montuosis,
1338 2340 1443 2420 Pen-

167 2480 265 2538 narn
277 2452 471 2544 nomine,
495 2453 680 2540 ubinunc
699 2448 804 2536 sedes
822 2449 1073 2564 Episcopalis
1094 2453 1150 2540 est
1177 2447 1371 2538 Dioecefis
1390 2449 1441 2534 il·

168 2567 275 2658 lius,
303 2595 428 2680 quam
443 2569 563 2654 hodie
579 2572 766 2654 Montem
794 2566 972 2656 Feltrum
991 2565 1226 2682 appellant.
1256 2567 1439 2681 Superest

167 2688 464 2778 MonsLurus,
493 2689 564 2800 qui
581 2682 730 2798 septem
757 2688 954 2770 duntaxat
969 2685 1148 2797 passuum
1181 2683 1360 2770 millibus
1373 2686 1441 2768 Pi·

168 2799 289 2892 sauro
317 2803 451 2894 abest,
481 2800 601 2918 supra
621 2805 739 2888 maris
764 2797 1015 2916 superficiem
1033 2801 1139 2888 haud
1162 2804 1264 2886 totis
1288 2799 1440 2884 ducen-

169 2924 223 3006 tis
242 2921 412 3036 passibus
429 2917 647 3034 assurgens,
671 2941 791 3032 atque
815 2919 916 3006 adeo
933 2915 1096 3031 reliquis
1111 2921 1300 3004 omnibus
1316 2910 1436 3028 longe

167 3035 415 3150 deprelsror.
446 3039 573 3142 Hujus
589 3039 695 3148 apici
711 3030 902 3150 imposita
930 3035 986 3118 est
999 3035 1133 3120 Turris
1163 3036 1358 3146 antiqua,
1390 3055 1452 3116 ut,

164 3174 397 3266 propterea
411 3152 492 3234 hoc
506 3156 548 3234 in
568 3149 665 3236 loco
684 3149 796 3264 srgno
811 3148 893 3234 alio
917 3146 1046 3232 nullo.
1060 3179 1160 3264 opus
1176 3149 1434 3236 haberemus.

164 3271 218 3352 In
252 3264 341 3348 aliis
367 3265 635 3356 extruendum
661 3263 739 3352 fuir
764 3263 977 3360 necessario
1010 3266 1288 3382 tuguriolum,
1321 3263 1436 3380 quod

164 3385 245 3470 hac
275 3383 437 3470 ratione
461 3383 775 3498 perfeetumest.
806 3389 854 3470 ln
879 3383 1044 3472 delestis
1074 3407 1252 3500 quatuor
1279 3383 1434 3498 angulis

166 3499 314 3616 palmis
346 3503 493 3618 viginti
519 3526 590 3588 aut
614 3502 703 3618 plus
727 3534 778 3591 eo
806 3505 1057 3592 abinvicem
1100 3501 1290 3612 sejunctis
1316 3501 1432 3614 palos

167 3617 404 3734 grandiores
430 3616 494 3706 seu
512 3623 732 3708 trabeculas
753 3623 930 3712 totidem
959 3618 1039 3706 alte
1064 3623 1280 3707 interram
1309 3614 1432 3728 defigi

168 3739 423 3830 curavimus,
456 3733 531 3824 fitu
546 3741 710 3824 minime
730 3740 807 3826 illo
824 3738 989 3852 quidem
1014 3743 1152 3826 cresto
1172 3734 1239 3822 sed
1268 3735 1442 3842 modice¹

169 3853 398 3947 inclinato,
432 3878 479 3944 ut
516 3857 710 3942 nimirum
745 3854 1037 3946 trabecularum
1072 3857 1349 3942 extremitates
1382 3850 1434 3936 ad

170 3978 370 4086 pundtum
381 3972 614 4062 meditullio
630 3979 782 4091 tugurii
800 3971 1015 4066 extruendi
1041 3969 1434 4088 perpendiculariter

170 4093 382 4181 imminens
393 4120 708 4208 consergerent.
732 4097 804 4182 His
818 4091 886 4180 alii
903 4087 987 4208 pali
1002 4093 1178 4180 minores
1193 4088 1315 4178 clavis
1330 4111 1435 4181 tran·
1486 4107 1489 4117 ·

173 4207 311 4294 rernm
325 4211 665 4302 adnectebantur,
696 4217 840 4325 quibus
865 4209 1011 4301 deinde
1032 4210 1183 4294 intexti
1198 4210 1299 4297 rami
1313 4207 1433 4292 arbo·

174 4351 327 4412 sumac
342 4325 539 4416 sarmenta
564 4353 702 4414 totum
728 4361 828 4446 opus
857 4325 1186 4417 convestiebant,
1214 4349 1262 4412 ut
1283 4327 1327 4410 dc
1343 4353 1437 4436 pro·

162 4437 245 4526 ¹cul
261 4437 526 4554 spectantibus
539 4475 713 4560 opacum
730 4449 964 4534 videretur,
993 4445 1145 4530 &coni
1162 4443 1340 4532 truncati
1356 4437 1439 4550 spe·

180 4560 287 4643 ciem
305 4565 512 4652 exhiberet
531 4631 539 4646 .
569 4565 838 4678 Excipiendus
866 4587 998 4649 tamen
1015 4561 1072 4646 est
1084 4565 1204 4648 Mons
1221 4562 1436 4647 Sosianus,

171 4678 243 4788 qui
260 4708 355 4766 cum
373 4745 385 4781 ,
405 4707 451 4770 ut
467 4687 553 4776 aliis
568 4685 608 4763 in
620 4682 721 4766 locis
736 4739 747 4771 ,
764 4678 815 4765 src
842 4687 962 4770 etiarn
974 4683 1017 4764 in
1027 4679 1181 4771 summo
1192 4685 1292 4789 jugo
1308 4671 1443 4784 sylvo-

171 4789 328 4896 susfit,
361 4803 409 4888 iu
436 4835 487 4898 eo
504 4803 728 4919 jugoquod
748 4791 1056 4916 delegeremus,
1081 4798 1292 4890 arboribus
1305 4780 1438 4995 npceis·

1353 4933 1394 4996 ar
1411 4933 1439 4991 o

248 5053 265 5113 ‚1
290 5047 413 5102 Nostra.
