4156 5752
659 603 739 680 160
1000 593 1039 673 Ο
1068 591 1100 676 Ρ
1129 593 1168 677 U
1197 593 1221 674 S
1250 589 1287 672 C
1316 589 1355 673 U
1384 589 1416 674 L
1446 589 1486 674 U
1514 591 1559 674 M

654 701 843 802 romeli,
870 699 1048 819 pluribus
1076 700 1210 792 tamen
1236 701 1323 789 aliis
1348 706 1576 792 nominibus
1591 700 1926 830 Quadrantlcui·

655 827 714 910 vis
727 825 1032 937 anteponendus
1050 825 1234 909 videtnr.
1369 905 1371 910 .

413 947 643 1081 praetractata·
714 964 778 1043 51.
813 944 982 1025 Etuteo
997 997 1008 1030 ,
1024 941 1128 1026 unde
1141 939 1268 1025 modo
1281 935 1835 1034 discellrmus‚rerertamur,
1851 969 1923 1026 ne-

431 1025 586 1084 ¹¹'¹‘¹“”''
651 1059 750 1144 mini
777 1053 944 1141 dubium
968 1059 1045 1151 eli,
1075 1083 1123 1145 ut
1138 1060 1315 1174 opinor,
1346 1058 1443 1170 quin
1470 1055 1614 1169 gradus
1628 1057 1844 1142 Meridiani
1874 1062 1919 1142 in

648 1172 808 1263 Gallia,
840 1197 986 1289 utpote
1012 1177 1121 1285 ¹inter
1134 1171 1279 1263 Polum
1298 1176 1614 1286 &AEquatorem
1637 1174 1796 1263 media,
1835 1202 1922 1260 ma-

648 1295 774 1380 ximas
789 1318 866 1405 pro
882 1292 1245 1388 rationedistantiae
1259 1293 1504 1376 mutationes
1534 1288 1696 1376 subeat.
1732 1295 1839 1378 Nam
1869 1287 1921 1375 li-

648 1433 714 1494 cet
742 1403 1055 1496 Observationes
1084 1405 1269 1496 haelenus
1303 1411 1472 1521 perusta
1506 1403 1607 1491 nulli
1641 1407 1923 1495 determinatae

648 1521 872 1642 Hypotheli
899 1522 1173 1620 satisfaciant,
1202 1550 1340 1613 tamen
1367 1522 1562 1638 quamdiu
1590 1519 1923 1640 oppofitumnon

648 1640 966 1742 demonstratur,
996 1637 1332 1758 haecHypothefis
1363 1664 1432 1727 aut
1460 1670 1551 1726 vcra
1563 1666 1632 1726 aut
1651 1669 1750 1726 vero
1779 1643 1948 1754 proxi-‘

619 1761 624 1770 ’
648 1788 712 1844 ma
723 1762 810 1866 jure
823 1760 1080 1846 existimanda
1091 1763 1176 1848 est,
1204 1756 1454 1873 &quidem‚
1476 1759 1614 1870 quoad
1626 1759 1707 1844 hoc
1721 1763 1919 1872 pundium

646 1877 807 1989 dequo
835 1907 858 1960 a
888 1879 999 1963 itur,
1028 1904 1078 1962 ex
1105 1873 1344 1962 inductione
1371 1869 1464 1960 satis
1494 1877 1696 1986 probata,
1724 1902 1816 1959 cum
1845 1877 1919 1959 im

647 1994 833 2084 omnibus
853 1907 933 2078 lere
949 1993 1269 2086 variationibus,
1300 1995 1343 2073 in
1362 1989 1506 2081 mediis
1526 1993 1631 2078 iuter
1646 1992 1729 2076 duo
1742 1993 1921 2078 extrema

643 2107 755 2191 idern
783 2111 1032 2223 contingat.
1066 2113 1207 2222 Itaque
1232 2137 1264 2192 ae
1294 2137 1334 2194 re
1363 2108 1465 2192 mihi
1506 2105 1728 2219 persuadeo
1753 2108 1921 2221 gradum

644 2224 860 2309 Meridiani
872 2225 1013 2310 Galliae
1029 2141 1292 2311 Narbonenll
1321 2249 1405 2310 non
1419 2229 1545 2338 magis
1563 2254 1586 2309 a
1598 2226 1787 2338 gradibus
1816 2253 1916 2310 con·

650 2343 836 2452 tiguis'ad
849 2346 1017 2428 Boream
1030 2339 1231 2432 deficere,
1258 2371 1333 2427 nec
1353 2343 1520 2454 propius
1535 2340 1585 2424 ad
1613 2339 1788 2430 nostram
1804 2369 1912 2428 men·

647 2453 774 2655 goram
811 2455 998 2544 aco'edere
1026 2519 1039 2554 ,
1064 2485 1180 2575 quam
1209 2483 1258 2547 ex
1284 2485 1406 2574 opere
1437 2453 1662 2545 catuniano
1686 2454 1834 2571 colligi
1861 2461 1916 2544 vi·

679 2597 822 2661 eatur.

403 2699 457 2759 ²⁴¹⁶
475 2718 491 2756 ι
509 2703 634 2758 “uuum
685 2687 689 2694 ’
713 2713 778 2792 52.
839 2691 924 2780 Nifi
934 2692 1150 2783 fortehaud
1159 2695 1369 2781 immerito
1381 2689 1569 2810 suspicari
1582 2651 1783 2809 pollumur
1794 2696 1915 2782 Mon»

400 2785 636 2930 Ξῖξξῖᾙζωζ
650 2823 708 2891 tet
723 2812 935 2924 Pyrenaeos
962 2805 1240 2900 ad‘Meridiem
1263 2811 1356 2899 fitos
1386 2810 1720 2930 perpendiculum
1751 2811 1800 2904 ad
1833 2807 1910 2896 sese

645 2929 824 3014 nonnihil
853 2930 1090 3020 attrahere,
1119 2959 1165 3014 ac
1190 2955 1407 3046 propterea
1435 2933 1629 3017 verticem
1658 2928 1844 3016 locorum
1862 2925 1913 3014 ad

646 3042 813 3128 Boream
837 3047 907 3134 srbi
941 3048 1209 3154 adjacentium
1224 3047 1329 3135 Polo
1356 3045 1649 3160 aliquantulum
1666 3045 1909 3135 admovere,
1966 3055 1969 3060 '
2068 3139 2069 3148 p

553 3211 556 3219 ·
646 3160 752 3244 unde
770 3160 1104 3278 consequentur,
1134 3160 1357 3250 mensuram
1373 3161 1520 3276 graduis
1539 3161 1776 3248 Borealioris
1802 3155 1909 3246 hisce

528 3280 565 3303 ·’·
647 3281 853 3365 montibus
867 3281 1042 3391 proximi
1054 3282 1158 3386 justo
1171 3280 1411 3396 ampliorem
1428 3281 1595 3366 evadere
1614 3349 1621 3366 .
1652 3281 1696 3362 ln
1724 3278 1912 3392 gradibus

644 3418 742 3477 vero
756 3425 780 3478 a
794 3397 910 3479 nobis
928 3400 1162 3482 examinatis
1174 3400 1424 3482 contrarium
1441 3398 1558 3511 plane
1583 3397 1754 3482 deberet
1779 3397 1913 3482 eveni-

643 3535 712 3592 re.
745 3509 938 3596 Etenimsr
953 3511 1117 3598 dorsum
1130 3515 1332 3627 Apennini
1345 3511 1611 3602 similimodo
1624 3509 1914 3628 perpendicula

643 3647 732 3709 tum
761 3632 904 3714 Romae
933 3651 1021 3714 tum
1045 3633 1219 3715 Arimini
1251 3627 1455 3716 inflectere
1482 3631 1611 3747 pollet
1641 3629 1651 3722 '2
1683 3627 1913 3744 sequeretur

642 3741 858 3858 profesto,
886 3750 932 3832 dc
959 3743 1064 3832 illius
1077 3751 1196 3834 Urbis
1211 3749 1488 3834 latitudinem
1522 3750 1770 3834 imminui&
1797 3748 1910 3852 hujus

548 3951 559 3962 .
638 3864 776 3972 augeri
789 3859 935 3948 debere
950 3922 962 3955 ,
977 3893 1023 3949 ac
1036 3886 1280 3980 propterea,
1299 3865 1442 3980 eodem
1457 3862 1678 3950 intervallo
1695 3891 1767 3979 pet
1782 3867 1909 3954 arcus

641 3978 806 4082 majoris
818 3975 947 4092 spatia
957 3979 1173 4066 distributo
1187 4041 1199 4072 ‚
1215 3981 1359 4092 gradus
1378 3975 1491 4066 unius
1505 3979 1727 4067 mensuram
1751 4002 1914 4068 contra·

639 4092 811 4178 &iorem
829 4091 966 4182 effici.
997 4097 1073 4181 Sed
1097 4101 1275 4209 quamvis
1304 4097 1387 4182 haee
1413 4101 1710 4208 conjecturade
1724 4101 1910 4186 Arimino

640 4207 746 4293 baud
773 4213 875 4298 adeo
897 4210 1181 4329 improbabilia
1198 4214 1324 4301 videri
1350 4217 1497 4330 poffla,
1528 4221 1640 4324 tujua
1656 4215 1738 4303 fere
1751 4247 1909 4332 pomoe-

639 4327 744 4412 rium
763 4331 924 4417 Montes
955 4331 1190 4446 attingunt,
1218 4329 1317 4417 licet
1334 4361 1416 4418 non
1440 4333 1573 4420 statim
1591 4334 1740 4424 adeam
1754 4333 1910 4420 Altitu-

640 4442 776 4528 dinem
789 4443 1012 4564 all'urgant‚
1038 4477 1126 4563 quae
1139 4450 1322 4536 effoetum
1334 4445 1557 4539 senfibilem
1572 4453 1802 4566 producere
1814 4443 1906 4567 pos·

638 4556 686 4646 le
702 4563 882 4649 videatur
901 4627 912 4660 ,
939 4569 1083 4652 Romae
1096 4592 1228 4666 tamen
1242 4570 1293 4651 ab
1309 4572 1522 4682 Apennino
1549 4571 1736 4658 distantia
1751 4569 1910 4684 longior

643 4679 831 4772 viderur,
859 4711 978 4799 quam
996 4709 1043 4772 ut
1069 4685 1264 4794 ejusmodi
1293 4683 1508 4801 suspicioni
1524 4689 1574 4774 de
1586 4717 1632 4771 ea
1644 4685 1789 4775 saltem
1815 4687 1909 4774 urbe

648 4791 762 4883 locus
789 4799 1062 4918 relinquatur.
1089 4808 1308 4918 Utcunque¹
1340 4804 1524 4894 tamense
1542 4837 1601 4902 ree
1617 4809 1789 4901 habeat,
1822 4801 1908 4889 satit

1778 4939 1907 5026 ‘nobis
