4136 5778
446 605 504 722 Q
544 599 584 686 U
642 599 682 686 A
739 599 784 684 R
839 593 876 686 T
933 603 976 692 U
1031 599 1106 688 M.
1315 615 1400 720 383

152 745 267 830 quem
283 713 414 804 secum
429 711 532 802 ferat
543 744 657 802 error
681 711 985 822 uniueiecuudi
1014 717 1057 800 io
1072 719 1121 802 iit
1136 715 1399 821 commiffus‚

151 839 219 950 qui
236 833 601 950 esthexapedaruru
617 865 674 932 7,
699 862 773 918 nec
796 863 845 922 ex
870 831 948 920 bafi
974 837 1173 942 majorem
1187 863 1296 926 uno,
1329 863 1401 928 aut

155 951 432 1070 aiteropede‚
458 981 553 1038 cum
567 954 635 1038 vix
649 951 792 1066 digitis
804 954 959 1039 duobus
989 949 1159 1040 secunda
1171 957 1401 1044 Ariminen·

152 1067 716 1186 srrbafisaprimadistiterit,
744 1072 791 1155 dt
816 1097 863 1154 ea
889 1065 985 1156 bafis
1016 1065 1064 1154 fit
1092 1072 1247 1176 major,
1280 1103 1403 1189 quam

151 1189 309 1273 decima
324 1217 413 1303 pars
429 1189 556 1274 totius
567 1183 711 1299 gradtu
727 1243 752 1292 ,Ι
770 1209 817 1270 ut
836 1186 993 1274 idcirco
1009 1190 1052 1270 in
1065 1219 1117 1274 eo
1136 1186 1403 1304 consequatur

150 1333 268 1392 error
281 1309 428 1397 minor,
439 1331 560 1416 quam
574 1301 770 1416 decuplus
783 1368 791 1387 .
805 1305 864 1391 Ex
876 1305 1030 1418 angulis
1046 1327 1181 1391 autem
1194 1307 1404 1422 poligoni»

150 1451 329 1508 errorem
354 1421 496 1505 itidem
528 1423 671 1506 timere
693 1447 777 1505 non
793 1418 945 1533 poffiuu
959 1423 1164 1530 'majorem
1179 1454 1263 1518 eo,
1286 1454 1407 1540 quem

150 1533 283 1624 secum
299 1537 424 1625 trahit
442 1531 657 1623 discrimen
674 1534 775 1624 iilud
790 1535 885 1624 baiis
899 1541 1097 1627 Romanae
1123 1567 1405 1655 computatae,

150 1657 197 1742 δι
210 1653 453 1746 observatae,
484 1656 596 1770 quod
611 1653 783 1743 uidimus
798 1651 931 1740 secum
947 1659 1104 1744 trahere
1117 1655 1340 1772 hexapedas
1356 1663 1411 1748 ad

149 1769 349 1859 summum
366 1789 404 1859 8.
431 1799 466 1876 ς.
482 1777 690 1858 Demume
709 1773 896 1884 poligoni
910 1774 1148 1861 reductione
1174 1773 1410 1888 adplenum

146 1889 414 1976 horizontale
426 1893 621 1998 majorem
639 1889 782 1976 timere
795 1918 880 1973 nou
892 1888 991 1975 licet
1005 1921 1070 1982 eo,
1086 1919 1206 2005 quem
1218 1894 1409 1980 exhibuit

143 2007 385 2093 immediata
399 2005 470 2092 ilia
482 2007 669 2094 reductio
688 2005 824 2094 lateris
837 2008 1026 2094 nimirum
1044 2021 1083 2094 8.
1101 2039 1139 2110 9.
1160 2011 1217 2092 Etr
1232 2009 1408 2122 potitio-

141 2151 195 2209 ne
214 2122 411 2239 poligoni
428 2151 509 2210 oon
524 2123 1047 2240 majoremhexapedauna.
1077 2122 1209 2210 Mitto
1238 2148 1408 2212 autem,

141 2245 312 2327 minora
326 2239 435 2331 alia,
458 2269 546 2356 quae
561 2237 710 2327 sensum
729 2242 955 2357 effugiunt,
980 2243 1191 2356 dequibus
1206 2238 1411 2356 supraab·

142 2359 260 2444 uode
288 2355 436 2471 egimus
467 2415 479 2448 ‚
506 2381 555 2444 ut
585 2355 697 2442 illam
723 2361 918 2445 Romanae
948 2356 1088 2447 baseos
1116 2381 1409 2462 curvaturam,

102 2512 106 2520 ·
145 2471 356 2567 omiffam,
373 2500 461 2587 quae
475 2475 592 2582 juxta
607 2506 715 2563 num.
735 2506 760 2588 3
768 2499 788 2580 ς
795 2509 823 2590 3
849 2478 1016 2593 gradum
1042 2476 1308 2566 contraheret
1329 2480 1408 2564 mi·

144 2617 225 2680 nus
246 2623 363 2708 quam
383 2589 408 2689 ἒ
425 2596 540 2680 unius
553 2595 768 2709 hexapedae
784 2653 795 2688 ,
814 2619 934 2710 atque
948 2595 1044 2682 alias
1057 2590 1252 2704 ejusmodi
1268 2661 1277 2680 .
1295 2599 1410 2718 Quin

145 2713 284 2798 immo
308 2741 399 2796 cum
413 2742 435 2795 e
450 2707 609 2825 fingulir
626 2709 818 2824 expolitis
848 2715 1052 2824 capitibus
1069 2733 1200 2822 partes
1226 2733 1408 2794 tantum·

147 2830 284 2918 modo
297 2827 478 2942 quaedam
500 2829 648 2913 erroris
667 2828 799 2910 timeri
816 2827 1013 2914 debeant,
1040 2828 1085 2910 ὅτ
1099 2852 1242 2910 eorum
1267 2822 1407 2914 fere.)

145 2946 338 3034 omniurn
362 2945 472 3031 ratio
485 2943 624 3030 habita
651 2939 700 3028 fit
727 2945 769 3026 in
783 2944 1037 3032 correctione
1062 2940 1178 3056 supra
1192 2940 1402 3034 adhibita,

149 3085 278 3172 atque
292 3063 351 3146 ita
365 3061 413 3146 fit
425 3062 593 3154 habita,
619 3083 667 3146 ut
682 3062 828 3175 gradus
854 3063 994 3173 potius
1018 3056 1406 3175 produdtioraffum·

136 3200 250 3294 ptus
264 3173 520 3292 fuerit‚quam
536 3207 612 3292 par
622 3185 892 3268 εταωωηὶηο
908 3179 1006 3263 mihi
1022 3171 1248 3290 persuasum
1261 3176 1405 3270 estmo-

145 3295 275 3382 strum
290 3293 393 3376 hunc
409 3296 577 3408 gradum
592 3323 671 3379 non
685 3296 876 3380 excedere
894 3292 1116 3406 hexapedat
1126 3289 1213 3379 ilias
1232 3306 1405 3400 56979,

146 3409 307 3498 &huic
318 3409 479 3524 quidem
497 3439 665 3498 numero
696 3409 771 3497 effe
785 3410 880 3499 satir
891 3416 1153 3527 proximum.
1193 3423 1194 3428 '

213 3541 311 3638 386.
345 3527 405 3614 Ex
422 3531 693 3642 proportione
717 3528 897 3644 expofira
924 3528 1042 3644 supra
1056 3559 1259 3642 num.374
1286 3519 1653 3658 faciless'ssfffffjpffi‘

142 3648 218 3734 hic
234 3645 381 3758 gradus
392 3649 599 3748 reducitur
611 3648 662 3732 ad
675 3646 801 3762 passus
827 3645 1145 3760 multiplicando
1171 3647 1302 3761 ipsum
1329 3675 1402 3760 per
1418 3617 1653 3738 ωῗιιῖτῖηιιῖ

143 3777 297 3879 3888,
323 3763 691 3879 &dividendoper
712 3791 847 3871 2971,
872 3793 918 3848 ac
946 3765 1116 3848 habetur
1134 3776 1309 3867 745655
1341 3765 1403 3848 ui·
1418 3757 1600 3834 ¹⁸²‘⁰¹¹²¹²

142 3884 299 3968 mirum
327 3879 474 3995 gradus
500 3882 566 3978 hic
590 3879 733 3997 paullo
759 3881 889 3988 major
913 3879 1109 3966 milliariis
1123 3911 1191 3982 74·
1212 3880 1267 3976 {3
1296 3878 1402 3968 unde

144 3999 306 4084 constat
318 3995 506 4084 milliaria
519 4000 817 4112 geographica,
844 4025 1018 4112 quorum
1035 4010 1091 4084 60
1110 4001 1402 4112 concipiuntur

144 4115 193 4198 in
205 4113 360 4200 circulo
375 4115 582 4208 maximo,
595 4113 670 4200 eise
685 4113 818 4198 multo
837 4116 988 4223 majora
1002 4115 1192 4202 Romanis
1205 4113 1310 4201 hisce
1324 4143 1400 4201 no·

146 4229 236 4314 stris
249 4234 333 4322 ita,
361 4253 408 4317 ut
427 4229 726 4331 illorumafere
753 4234 994 4316 contineant
1019 4232 1164 4317 horum
1186 4257 1206 4334 ς
1227 4265 1239 4322 ;
1267 4233 1400 4320 leucas

143 4371 286 4432 autem
299 4347 471 4434 Gallicas
487 4377 677 4462 ,quarum
692 4373 949 4434 numerantur
967 4373 1020 4450 κς
1039 4350 1079 4430 in
1092 4349 1221 4459 gradu
1234 4405 1247 4440 ‚
1262 4353 1397 4434 conti-

142 4490 242 4548 nere
257 4469 561 4578 quamproxime
590 4487 702 4549 terna
716 4463 905 4548 milliaria
920 4467 1127 4550 Romana.
1162 4469 1300 4554 Potest
1328 4496 1398 4553 au·

143 4603 231 4666 tem
248 4579 342 4664 inde
358 4585 484 4668 etiam
509 4583 702 4668 diameter
717 4579 849 4666 Terrae
877 4607 977 4665 verae
1006 4583 1194 4695 proxima
1222 4585 1407 4682 inveniri.

141 4693 411 4788 admensus,
438 4727 540 4813 quot
554 4701 760 4785 habuimus
786 4695 901 4811 supra
919 4725 1026 4787 num.
1060 4727 1158 4804 295.
1176 4704 1259 4785 Erit
1275 4700 1394 4785 -enim

141 4814 473 4934 semiperipheria
502 4872 517 4909 ‚
545 4819 734 4906 ducendo
770 4815 937 4931 gradum
967 4821 1010 4904 in
1045 4832 1152 4910 180,
1187 4817 1396 4931 passuum„

1269 4959 1399 5046 1342·
1511 4981 1515 4998 .
