4132 5766
560 643 700 729 U'h
758 637 898 728 nl·
953 643 1118 729 U‘M.
1333 669 1367 732 '2

168 789 255 849 rum
269 649 634 876 distantiassrncti,
662 757 826 844 cuiauis
845 753 1058 870 telescopii
1071 753 1288 873 respondet
1310 664 1446 846 anla-

166 883 237 967 dio
261 879 420 967 limbo,
448 874 682 989 &proinde
706 875 830 962 etiam
854 874 1092 986 angulorum
1116 873 1168 960 ad
1179 877 1218 962 G
1232 869 1425 962 delinito-

163 1022 350 1110 rumpet
367 1011 577 1108 tangentes
591 995 672 1082 cli,
700 1021 739 1076 ce
765 987 1086 1077 semidifferentia
1113 994 1195 1076 erit
1223 992 1426 1080 corret‘iio

162 1107 254 1225 ipis
282 1106 535 1202 adhibenda,
564 1109 748 1195 nimirum
773 1105 956 1192 addenda
982 1111 1203 1214 majoribus
1230 1105 1427 1192 demenda

160 1231 421 1320 minoribus,
447 1252 495 1310 ut
521 1225 711 1311 habeatur
742 1219 905 1337 angulus
918 1227 1056 1316 RGE,
1083 1219 1160 1310 stre
1191 1226 1314 1309 MGZ
1325 1279 1336 1312 ‚
1365 1225 1426 1304 ul-

158 1347 309 1430 mirum
337 1347 380 1426 ln
407 1338 499 1427 casu
522 1337 777 1455 parallelilmi
797 1341 881 1426 arria
905 1361 1094 1425 accurata
1123 1340 1308 1426 distantia
1320 1342 1423 1424 Fixte

159 1461 212 1545 ad
225 1458 496 1548 Meridiauum
512 1454 753 1570 appellantia
775 1453 942 1570 apulo,
971 1461 1016 1543 δι
1030 1459 1071 1538 in
1084 1452 1174 1542 calu
1188 1453 1423 1542 inclinatio·

161 1578 218 1662 nie
245 1580 399 1691 exiguae
424 1575 566 1658 eadem
583 1575 796 1686 proxime,
822 1595 868 1658 ut
883 1569 990 1658 infra
1013 1571 1260 1660 videbimus.

230 1716 326 1793 123.
340 1725 344 1730 ·
358 1696 515 1776 Interea
530 1691 750 1775 notandum
765 1687 866 1772 illud
884 1746 896 1780 ‚
914 1692 957 1774 in
972 1719 1020 1774 ea
1036 1685 1297 1802 dispolitioue
1323 1693 1420 1776 vitri
1473 1706 1669 1806 fae-naon·

160 1809 358 1916 objectiui
377 1866 390 1902 ‚
405 1834 485 1919 qua
496 1835 575 1920 ego
588 1803 672 1894 sum
685 1802 774 1893 ulus
789 1863 802 1900 ,
819 1803 920 1890 banc
937 1807 1232 1892 corredtionem
1249 1863 1261 1896 ,
1301 1835 1422 1920 quam
1434 1784 1669 1936 '2:222‘qussss

143 1919 552 2012 -exhibetconverfio
561 1922 810 2010 instrumenti
824 1975 836 2011 ‚
859 1925 1006 2008 mutari
1022 1980 1034 2013 ‚
1050 1921 1145 2008 dum
1159 1921 1419 2010 convcrfione
1436 1957 1494 1994 nam
1521 1943 1671 1998 abeunte·

145 2043 290 2128 ·tbecae
304 2037 439 2155 figurae
458 2067 504 2126 12
518 2042 714 2152 punctum
738 2035 770 2120 b'
787 2041 870 2124 axis
887 2040 1124 2126 admovetur
1150 2038 1273 2152 plano
1291 2034 1419 2126 sedle-
1439 2019 1669 2153 ffiffiffff‘*

157 2163 233 2250 ris,
247 2157 311 2242 vel
328 2164 377 2243 ab
391 2186 443 2242 eo
455 2177 699 2242 removetur.
714 2157 891 2242 Recedit
903 2158 1008 2242 enim
1020 2159 1215 2268 punctum
1225 2154 1247 2238 b
1257 2150 1265 2192 '
1277 2187 1301 2242 a
1314 2161 1422 2243 recta

158 2272 504 2387 EE'relpondente
514 2294 658 2359 centro
671 2271 835 2357 sedloris
851 2332 863 2365 ,
878 2271 937 2358 vel
954 2271 1004 2356 ad
1022 2299 1109 2356 earn
1127 2273 1285 2358 accedit
1301 2334 1313 2368 ,
1328 2301 1423 2358 cum

140 2439 142 2444 ·
158 2389 390 2476 distet'inde
409 2417 479 2504 per
492 2383 664 2504 spatium
678 2385 735 2471 tl‘
748 2420 761 2483 ς
773 2389 877 2474 unde
891 2387 962 2482 lit,
978 2386 1065 2474 utfi
1081 2417 1194 2475 axem
1210 2387 1418 2502 telelcopii

159 2507 435 2619 concipiamus
446 2527 564 2592 motu
577 2503 773 2619 parallelo
788 2503 1021 2593 transsatum
1035 2506 1094 2591 ita
1110 2562 1122 2596 ,
1136 2527 1185 2590 ut
1198 2502 1233 2590 b‘
1243 2510 1363 2596 abeat
1380 2509 1422 2590 in

109 2652 121 2671 ·
155 2647 345 2709 centrum
360 2619 524 2708 serioris
541 2655 561 2708 r
576 2621 714 2735 ‚quod
729 2626 772 2707 in
785 2621 852 2737 fig.
871 2653 916 2730 19
933 2623 1297 2739 praestitimus,.ubi
1313 2621 1420 2708 Geli

157 2740 269 2824 idem
282 2745 506 2856 pandum,
533 2767 613 2825 aer
633 2737 754 2852 iufig.
775 2765 826 2825 12
848 2795 861 2830 ‚
881 2743 1005 2826 imum
1020 2743 1102 2843 ejus
1116 2744 1307 2850 punctum
1323 2741 1363 2824 R
1378 2739 1421 2822 in

154 2857 299 2944 eadem
325 2853 452 2970 figura
478 2855 643 2940 distabit
670 2855 943 2942 tantundcma
969 2855 1318 2968 mediopundoC
1329 2907 1343 2940 ‚
1368 2851 1419 2937 ad

132 3021 140 3028 -
156 2974 278 3088 quod
292 2973 483 3064 accedet,
497 2969 560 3058 vel
577 2973 630 3056 ab
641 2999 696 3081 eo
705 2971 868 3056 recedet
884 3037 893 3057 .
911 2976 1015 3057 Hinc
1030 2993 1162 3057 autem
1175 2969 1251 3060 fit,
1270 2990 1315 3056 ut
1330 2997 1418 3055 mu·

154 3088 238 3174 tari
253 3108 424 3200 nequeat
454 3081 759 3202 direciioiplius
777 3088 857 3174 arria
881 3082 1063 3203 respectu
1088 3084 1200 3200 plani
1225 3081 1414 3175 sectoris,

156 3207 263 3314 quin
278 3200 389 3306 limul
403 3223 581 3287 mutetur
594 3203 781 3288 distantia
792 3207 843 3289 ab
857 3209 893 3294 R
909 3223 1025 3289 motu
1039 3204 1237 3291 continuo
1253 3268 1262 3289 .
1279 3205 1418 3314 Atque

157 3319 321 3402 idcirco
354 3319 395 3399 in
416 3314 763 3406 observationibus
790 3316 1102 3406 Ariminensrbus
1123 3321 1326 3408 correctio
1360 3345 1419 3404 a,

135 3431 420 3521 -converhone
433 3432 598 3520 sectoris
611 3459 703 3519 orta
717 3431 838 3522 evasit
852 3439 981 3544 maior
993 3492 1007 3528 ‚
1020 3465 1139 3550 quam
1153 3441 1193 3522 in
1210 3437 1416 3550 prioribus

155 3552 355 3643 Romanis
376 3605 387 3637 ‚
405 3573 451 3635 ut
467 3553 602 3637 videre
617 3553 726 3639 estin
741 3551 992 3666 opusculoz.
1006 3581 1112 3638 num.
1135 3583 1208 3664 43.

220 3683 301 3754 126
309 3734 319 3752 .
336 3668 472 3754 Potest
484 3694 619 3755 autem
634 3665 749 3754 facile
766 3673 825 3754 ita
841 3672 1091 3777 objectivum
1118 3672 1267 3758 vitrum
1282 3666 1413 3784 appli·
1434 3703 1571 3760 Methodut
1585 3721 1657 3776 ,qua
1699 3665 1701 3672 ’
1729 3745 1734 3752 .

155 3785 242 3871 cari
258 3785 407 3900 regulae
426 3783 560 3870 ferrea
573 3811 619 3871 ut
632 3785 772 3870 altere
789 3788 892 3870 binis
912 3789 1091 3872 motibus
1115 3788 1197 3872 axis
1219 3779 1336 3899 iplius
1360 3788 1413 3872 ab
1424 3799 1512 3874 ‘'lm“
1550 3781 1655 3836 Μ’·

1425 3874 1510 3912 ttouer
1561 3857 1660 3915 aulem
1781 3901 1782 3906 ,

151 3899 394 3988 :elteronon
410 3901 583 4015 pendeat
600 3969 608 3986 .
629 3905 670 3986 Si
682 3905 871 3990 nimirum
892 3901 1120 3988 includatur
1137 3906 1286 3988 vitrum
1298 3903 1412 4010 obje·
1426 3938 1541 4009 porcat.

137 4017 308 4106 'ctivum
328 4021 457 4106 thecae
473 4021 704 4132 quadratae,
732 4049 819 4133 quae
834 4024 941 4107 intra
967 4016 1085 4106 aliam
1102 4017 1336 4133 quadratam
1354 4021 1416 4102 in·

156 4133 345 4220 eludatur
363 4193 375 4225 ,
404 4141 448 4221 δι
466 4135 549 4219 haec
563 4138 671 4222 intra
685 4137 803 4220 aliam
817 4138 960 4222 itidem
972 4137 1234 4248 quadratam,
1269 4139 1315 4221 dc
1328 4135 1412 4222 haec

153 4249 322 4360 quidem
346 4256 468 4336 tertia
481 4253 677 4340 adhaereat
694 4252 837 4365 regulae
853 4252 1012 4343 ferreae,
1041 4253 1112 4338 illa
1141 4247 1309 4336 secunda
1332 4263 1429 4364 ope¹

152 4364 333 4452 cochlea
355 4374 515 4456 moveri
545 4369 665 4483 pullat
699 4395 818 4455 motu
875 4366 1171 4482 erpendiculari
1192 4365 1262 4481 ipfi
1289 4363 1412 4484 plano

152 4478 319 4568 fedioris
334 4482 546 4572 secundum
573 4491 722 4572 retiam
738 4484 815 4572 lili'
831 4401 967 4601 ffgurae
989 4513 1035 4574 12
1051 4541 1062 4573 r
1090 4485 1220 4596 prima
1235 4517 1333 4570 vero
1350 4487 1411 4565 in·

1 4573 7 4610 ⁸
151 4624 218 4686 tra
234 4597 444 4688 secundam
463 4603 625 4690 alterius
641 4601 818 4689 cochleae
846 4633 926 4718 ope
943 4631 1061 4691 motu
1087 4596 1411 4716 perpendiculari

133 4717 246 4801 huic
272 4721 432 4834 priori,
461 4719 537 4809 live
565 4720 688 4835 plano
718 4718 882 4808 lectoris
903 4754 915 4815 3
935 4724 1076 4837 utique
1103 4721 1260 4831 poterit
1292 4737 1411 4800 motu

5 4915 9 4928 ,
135 4833 340 4928 κίιοιιιιιὶιι
359 4837 488 4928 thecae
517 4842 627 4926 intra
645 4844 807 4930 tertiam
822 4843 1058 4958 promoueri
1086 4839 1146 4922 ita
1162 4834 1412 4964 objectivurp

138 4977 145 4986 '
1350 4974 1412 5032 vt-
