4178 5748
649 595 703 694 ff
992 581 1558 670 OPUSCULUM
1858 683 1913 694 Ι,

649 709 690 786 in
707 724 795 784 acre
815 691 989 812 pendula
1017 701 1256 812 apparebit.
1291 697 1366 783 Sed
1381 729 1428 784 ea
1454 731 1513 786 res
1538 699 1744 902 expdicatu
1774 697 1916 784 admo·

643 821 773 907 durn,
803 837 849 900 ut
877 839 982 898 nunc
1010 816 1172 1014 quidem
1201 816 1359 904 videtur
1386 819 1513 907 mihi,
1547 820 1589 902 di

1630 815 1750 910 cilis,
1780 815 1915 900 multo

646 933 873 1021 uberiorem
887 927 1016 1042 disqui
1034 936 1205 1018 itionem
1223 933 1419 1046 requirit,
1450 935 1769 1048 &phaenomena
1782 930 1917 1018 multo

646 1051 793 1166 plura,
824 1076 944 1159 quam
974 1079 1050 1162 ego
1082 1071 1168 1134 tum
1195 1053 1358 1166 quidem
1385 1049 1525 1134 cursim
1550 1048 1752 1136 instituere
1769 1071 1917 1164 potue·

646 1171 724 1254 rim
743 1225 754 1258 ‚
789 1168 830 1248 in
843 1194 938 1277 quas
954 1159 981 1246 fi
1000 1163 1107 1253 forte
1132 1169 1281 1252 iterum
1309 1165 1461 1252 diutius
1478 1167 1628 1254 alicubi
1649 1171 1690 1250 in
1707 1197 1780 1252 ora
1796 1168 1917 1248 mari-

648 1290 748 1372 tima
768 1279 942 1394 scopulis
962 1339 973 1372 ,
1004 1300 1050 1366 'ac
1067 1285 1363 1397 promontoriis
1382 1287 1512 1371 vicina
1541 1286 1787 1375 commorari
1813 1283 1923 1369 mihi

645 1400 866 1516 contigerit
883 1453 894 1487 ‚
924 1397 1159 1514 diligentius
1173 1398 1380 1513 aliquanto
1394 1405 1616 1514 inquiram.

400 1537 564 1607 inequitas
590 1555 633 1594 re.
711 1541 805 1622 175.
868 1517 1028 1602 Interea
1041 1519 1194 1604 notabo
1215 1517 1279 1602 hic
1296 1520 1341 1602 dt
1362 1516 1489 1608 illud,
1519 1522 1629 1636 quod
1644 1521 1693 1606 ad
1708 1516 1917 1606 refractio-

398 1613 548 1746 ffjffffl
559 1615 576 1670 ¹¹
578 1635 633 1752 ⁰:ss
647 1670 712 1727 nes
725 1634 932 1752 pertinet,
964 1629 1065 1748 saepe
1091 1664 1165 1720 nos
1190 1665 1212 1719 e
1239 1635 1362 1720 nostri
1376 1636 1631 1722 Ariminensrs
1652 1634 1833 1750 Collegii
1859 1635 1917 1719 nl-

398 1772 558 1862 sfrmione·
586 1793 632 1830 va
648 1761 756 1844 tiore
773 1749 933 1868 specula
946 1747 1109 1836 Turrim
1123 1752 1165 1834 in
1179 1749 1393 1836 Pisaurenfi
1414 1778 1543 1868 portu
1555 1749 1666 1840 fitam
1684 1753 1914 1867 telel'copiis

396 1865 461 1904 ‘²⁸⁰
648 1903 728 1961 non
755 1874 814 1955 ita
828 1896 968 1984 parurn
996 1863 1141 1956 elatam
1170 1864 1308 1956 vidisse
1326 1867 1443 1984 supra
1461 1876 1576 1956 maris
1595 1871 1756 1956 dorsum
1775 1928 1787 1962 ,
1821 1872 1915 1955 aliis

648 1985 898 2078 autemcaelo
923 1983 1143 2070 admodum
1165 1981 1293 2073 sudo,
1325 1989 1371 2071 ὃ(
1393 1989 1600 2100 purissimo
1627 1989 1853 2076 horizontis
1869 1987 1915 2070 li-

646 2112 762 2200 mite,
777 2102 898 2190 flante
915 2103 1039 2187 etiam
1059 2103 1198 2190 Borea.
1215 2099 1370 2187 nullum
1383 2106 1466 2208 ejus
1481 2105 1685 2218 vestigium
1699 2101 1885 2218 aspexiiie
1902 2167 1912 2186 .
1944 2136 1949 2179 2

647 2225 721 2311 Sed
738 2222 780 2305 id
800 2219 963 2332 quidem
988 2223 1038 2305 ab
1052 2217 1322 2331 inaequalitate
1336 2221 1484 2332 pendet
1509 2220 1826 2308 horizontalium
1852 2250 1911 2306 re·

647 2340 921 2427 fractionum.
955 2335 1112 2420 Deinde
1130 2333 1319 2426 utillud,
1351 2338 1461 2446 quod
1489 2337 1538 2420 ad
1555 2339 1704 2424 nostras
1729 2334 1911 2422 observa·

649 2459 779 2542 tiones
796 2454 971 2568 pertinet
998 2447 1234 2564 angulorum
1254 2507 1266 2540 ‚
1297 2455 1438 2565 quibus
1455 2451 1574 2539 basim
1593 2483 1685 2539 cum
1713 2455 1911 2568 poligono

647 2573 784 2657 nostro
797 2571 1101 2676 conjunximus,
1134 2567 1233 2652 nihil
1252 2572 1356 2656 iniis
1375 2571 1425 2654 ab
1453 2571 1532 2656 boc
1550 2571 1816 2684 phaenomeno
1831 2601 1912 2654 am·

644 2687 859 2799 biguitatis
874 2687 973 2770 oriri
986 2681 1121 2799 polit,
1154 2713 1246 2771 cum
1262 2687 1521 2800 quadrantem
1533 2717 1582 2772 eo
1599 2687 1884 2776 elevaverimus
1901 2743 1913 2780 a

645 2805 749 2890 unde
763 2798 891 2916 ipsum
906 2797 1055 2914 signum
1069 2802 1355 2890 evidentissime
1367 2803 1686 2916 conspiceremus
1704 2873 1712 2889 .
1738 2809 1915 2894 Demum

644 2918 764 3008 illud,
780 2921 895 3005 &ibi
913 2942 1014 3007 tum,
1031 2919 1075 3002 &
1091 2921 1131 3001 in
1148 2916 1402 3030 sequentibus
1416 2921 1555 3005 diebus
1571 2923 1747 3007 Arimini
1761 2953 1823 3007 eas
1840 2953 1913 3006 nos

645 3031 950 3121 observationes
976 3033 1179 3122 instituisse
1207 3064 1382 3128 omnes,
1415 3065 1502 3149 quae
1532 3041 1837 3150 requirebantur
1862 3037 1914 3122 ad

646 3153 944 3262 conjungendas
962 3153 1244 3266 Garampianas
1262 3156 1363 3240 aedes
1383 3210 1396 3245 ,
1429 3157 1473 3238 dt
1494 3152 1605 3238 illam
1625 3150 1747 3270 ipsam
1767 3157 1915 3270 aedium

643 3279 832 3378 partem',
865 3271 1013 3380 inqua
1044 3267 1344 3357 observationes
1377 3273 1662 3358 astronomicas
1687 3274 1914 3360 instituera-

643 3412 757 3474 mus,
789 3411 883 3468 cum
908 3386 1027 3470 initio
1043 3387 1165 3472 nostri
1186 3387 1406 3504 poligoni,
1436 3388 1608 3478 statione
1622 3391 1812 3478 nimirum
1840 3419 1915 3474 no·

643 3499 719 3584 stra
733 3497 781 3584 ad
797 3503 943 3588 ostium
957 3498 1151 3614 Aprusae.
1845 3557 1848 3560 -

418 3647 476 3699 ner
497 3645 628 3696 erinna
708 3629 801 3715 176.
864 3617 1035 3732 Anguiis
1053 3621 1100 3705 ad
1120 3619 1241 3709 basim
1260 3630 1418 3740 captis,
1441 3629 1631 3718 Arimino
1646 3625 1912 3718 disceffimus,

398 3723 449 3776 ¹²¹⁰
473 3741 480 3776 ⁸
509 3717 630 3773 ΜΝ·
641 3733 707 3821 die
721 3733 819 3844 Julii
835 3761 888 3836 25
907 3793 919 3826 ,
951 3766 1001 3823 eo
1020 3764 1265 3854 nequaquam
1293 3746 1496 3837 redituri,
1530 3778 1575 3832 ac
1597 3777 1670 3834 nos
1692 3751 1732 3831 in
1749 3744 1912 3830 fundum

369 3833 371 3838 ·
396 3803 480 3854 tiones
501 3799 527 3848 in
542 3813 628 3852 monte

396 3883 465 3930 rm
496 3894 504 3966 ᾗ
531 3879 627 3928 nm·
641 3849 850 3938 Annibalis
876 3851 1076 3948 Oliverii,
1101 3859 1392 3953 Granarolams
1427 3864 1476 3948 de
1491 3894 1568 3978 qua
1595 3861 1714 3981 supra
1737 3867 1912 3948 mentio-

395 3953 627 4086 ξξζξζῐζζζζῗζζζ
641 3999 730 4055 nem
749 3965 943 4063 fecimus,
975 3975 1025 4056 ab
1039 4001 1089 4059 eo
1105 3976 1257 4062 ibidem
1271 3985 1474 4093 expectati
1489 3981 1742 4070 devenimus.
1775 3981 1911 4068 Poste-

398 4107 607 4166 rnmemns.
640 4119 689 4173 ro
703 4083 769 4170 die
785 4115 878 4170 curn
895 4117 946 4174 eo
960 4091 1146 4174 Montem
1158 4097 1306 4182 Lurum
1321 4125 1412 4184 curn
1431 4102 1582 4212 ingenti
1594 4103 1816 4214 quadrante
1830 4096 1911 4182 adi·

641 4207 771 4291 vimus
790 4258 803 4293 ,
836 4202 969 4290 &sub
993 4203 1077 4318 ipsa
1102 4215 1352 4324 campanaria
1369 4220 1474 4301 turri
1493 4217 1658 4331 angulos
1691 4245 1827 4304 omnes
1843 4215 1911 4298 de-

642 4324 971 4413 terminavimus,
1001 4352 1103 4437 quos
1118 4327 1224 4413 inter
1237 4331 1520 4436 conjunximus
1535 4363 1628 4420 curn
1652 4337 1823 4421 statione
1837 4361 1908 4415 no-

641 4438 719 4526 stra
733 4437 782 4522 ad
800 4440 943 4525 ostium
956 4441 1123 4556 Aprusae
1152 4442 1357 4532 fenestram
1383 4449 1493 4535 iliam
1522 4450 1645 4565 ipsam
1672 4453 1816 4538 aedium
1832 4457 1908 4536 Ga·

641 4555 968 4668 rampianarum‚
1001 4589 1142 4672 eana
1166 4562 1296 4649 Solem
1324 4569 1457 4678 primo
1484 4599 1597 4662 rnane
1630 4567 1906 4656 observavera-

643 4702 756 4762 tnus,
785 4703 838 4760 ex
853 4703 932 4788 qua
956 4675 1122 4764 fenestra
1137 4681 1187 4764 ad
1212 4707 1298 4764 eam
1314 4684 1539 4772 evidentius
1566 4687 1903 4800 dignoscendam,

643 4787 813 4878 linteum
844 4793 1008 4883 demitti
1026 4823 1323 4887 curaveramus.
1357 4807 1466 4888 Dum
1494 4832 1626 4895 autern
1661 4801 1908 4892 observatio-

1822 4951 1906 5010 nem
