4178 5748
660 585 741 656 rm
819 577 846 628 ·
1004 561 1562 658 opusculum
1642 581 1648 589 ·
1792 585 1795 588 ·

647 691 868 800 quingenta
896 683 1081 806 redegit,
1106 717 1225 802 quem
1255 681 1486 774 saeculorum
1511 688 1667 802 aliquot
1692 686 1908 774 interuallo

651 806 778 894 secuti
792 811 938 893 Arabes
953 809 1120 921 gradum
1138 832 1260 894 unum
1284 802 1437 920 septem
1451 806 1532 892 fere
1559 807 1909 922 acquinquaginta

590 1023 592 1028 .
650 923 828 1038 palluunr
847 921 981 1010 millia*
1005 922 1223 1036 complenti
1248 924 1468 1010 statuerunt
1496 980 1509 1017 ,
1535 945 1583 1007 ut
1611 923 1736 1009 etiam
1767 949 1820 1007 ex
1838 921 1913 1007 hac

652 1041 837 1152 proxime
863 1064 1083 1127 memorata
1099 1033 1310 1128 Ptolem'rei
1334 1033 1514 1129 mensura
1535 1038 1639 1125 haud
1672 1067 1816 1154 parum
1842 1041 1913 1126 de·

654 1153 812 1244 traxillc
833 1159 1072 1264 videantur.
1105 1155 1182 1240 Sed
1211 1185 1305 1242 cum
1339 1158 1595 1273 inexplorata
1624 1159 1741 1244 nobis
1754 1151 1802 1241 fit
1819 1185 1914 1242 vera

653 1273 870 1360 stadiorum
890 1304 935 1362 ac
948 1275 1121 1386 pulsuum
1138 1274 1191 1360 ab
1204 1273 1260 1358 eis
1276 1269 1566 1390 ali'umptorum
1576 1273 1809 1388 longitudo,
1825 1301 1914 1385 quae

684 1387 845 1478 rosceto
859 1391 948 1476 aliis
964 1391 1065 1480 locis
1091 1417 1136 1473 ac
1153 1393 1402 1504 temporibus
1425 1389 1545 1506 longe
1561 1392 1641 1478 alia
1659 1385 1732 1476 effe
1742 1395 1912 1504 potuit»

653 1421 760 1594 Kaud
776 1512 945 1595 omnino
960 1502 1198 1595 incredibile
1210 1507 1291 1605 est,
1313 1509 1469 1596 nonita
1482 1536 1666 1624 magnam
1686 1508 1915 1592 intercede·

656 1655 700 1710 re
717 1628 822 1710 inter
836 1625 949 1712 hasce
975 1655 1114 1713 omnes
1133 1618 1349 1710 sententiaa
1375 1623 1618 1712 discordiam
1634 1653 1738 1737 ,qua
1748 1622 1913 1735 quidem

659 1745 735 1828 hac
760 1746 919 1828 ratione
938 1737 1121 1832 sublata,
1148 1742 1210 1826 ita
1227 1738 1390 1828 demum
1403 1743 1651 1828 statuendum
1669 1742 1786 1828 nobis
1804 1743 1911 1834 erit,

659 1889 727 1946 eos
751 1887 836 1942 non
864 1882 946 1946 tum
971 1862 1077 1946 inter
1105 1855 1143 1944 se
1174 1857 1247 1944 hac
1264 1853 1378 1972 super
1403 1888 1448 1947 re
1472 1854 1675 1944 dill'enlille
1695 1885 1840 1972 ,quam
1858 1861 1913 1958 ob

656 1975 960 2091 praetermiffum
984 1974 1175 2062 mensurae
1201 1972 1310 2059 illius
1332 2034 1344 2066 ,
1369 2006 1449 2089 qua
1472 1973 1638 2090 quisque
1663 2003 1808 2063 eorum
1823 1974 1913 2062 usus

654 2095 735 2186 est,
763 2093 931 2180 modum
952 2093 1082 2187 ‚nihil
1095 2093 1144 2178 de
1163 2122 1209 2180 ea
1225 2088 1486 2193 latiscertum
1501 2093 1667 2207 polletis
1685 2090 1911 2206 reliquill'e.

425 2223 639 2318 mrnmmr·
713 2237 753 2298 2.
816 2216 915 2296 Non
942 2233 1075 2296 tamen
1098 2207 1176 2297 hoc
1203 2213 1263 2294 ita
1291 2207 1467 2322 intelligi
1491 2205 1642 2304 velim,
1671 2209 1912 2322 tanquamll

410 2318 447 2358 '¹⁸
462 2302 555 2360 Μ’·
654 2356 792 2414 omnes
809 2330 979 2415 omnino
992 2335 1185 2416 Veterum
1200 2325 1510 2442 supputationes
1539 2328 1646 2414 inter
1666 2323 1771 2428 lead
1784 2326 1911 2412 amus-

652 2440 722 2527 srm
733 2473 959 2560 congruere
975 2447 1268 2532 existimarem.
1300 2440 1571 2558 Agnosceuda
1584 2446 1753 2532 omnino
1765 2444 1823 2531 est
1839 2443 1912 2532 hac

515 2587 518 2592 ·
651 2562 693 2644 in
712 2591 756 2648 re
773 2561 967 2648 nonnulla
981 2559 1269 2648 sententiarum
1294 2557 1498 2647 diversitas
1517 2615 1529 2652 ‚
1547 2560 1704 2651 tametsi
1730 2562 1833 2647 haud
1853 2567 1914 2650 ita

652 2707 823 2790 magna,
852 2701 898 2764 ut
912 2684 1069 2766 numeri
1084 2678 1207 2794 paulo
1221 2695 1313 2766 ante
1332 2681 1547 2764 memorati
1562 2681 1693 2794 prima
1718 2676 1912 2768 fronte:

652 2792 905 2908 praeseferre
923 2795 1110 2883 videntur
1132 2865 1141 2886 .
1172 2801 1227 2883 Ea
1252 2820 1387 2884 autem
1418 2825 1502 2884 non
1528 2795 1658 2882 solum
1688 2825 1738 2884 ex
1768 2797 1912 2882 Instru-

654 2935 883 3000 mentorum
901 2943 924 2998 a
940 2912 1100 3028 fingulia
1126 2917 1402 3004 adhibitorum
1429 2936 1571 2999 natura
1597 2913 1707 3002 nasci
1740 2916 1913 3029 potuit.

654 3057 792 3115 verum
818 3032 941 3118 otiam
963 3029 1098 3119 multo
1128 3037 1252 3146 magis
1277 3033 1662 3123 exblethodorum,
1688 3027 1913 3146 quasusur-

652 3140 802 3258 peltant
819 3204 830 3236 ,
849 3151 1069 3235 varietate.
1102 3152 1261 3236 Etenim
1289 3149 1317 3234 fi
1345 3149 1550 3264 superiore
1577 3144 1722 3234 saeculo
1738 3149 1909 3233 Riccio·

654 3259 763 3354 lum,
796 3262 846 3350 de
864 3263 976 3367 cujus
1002 3263 1218 3380 diligentia
1244 3266 1424 3355 dubitari
1453 3294 1536 3350 nou
1562 3267 1725 3380 potell,
1752 3265 1912 3350 idcirco

655 3380 847 3463 tamenin
863 3379 1069 3467 statuenda
1096 3383 1241 3496 gramis
1271 3389 1386 3474 unius
1412 3381 1668 3495 longitudine
1695 3383 1799 3468 haud
1832 3411 1914 3468 me·
1972 3440 1978 3449 -

574 3533 581 3548 ·
655 3497 850 3586 diocriter
867 3493 1158 3586 balluclnatum
1189 3499 1265 3588 eli'e
1289 3504 1498 3593 videmus,
1528 3500 1640 3614 quod
1665 3497 1913 3588 Methodum

656 3608 735 3700 ase
761 3613 986 3724 adhibitam
1007 3613 1349 3707 aRelrat‘tionum
1378 3621 1489 3706 vitio
1512 3617 1679 3706 liberam
1710 3614 1783 3702 elle
1816 3611 1915 3699 falso

653 3727 878 3824 censueritr
908 3747 1063 3847 quanto
1091 3733 1135 3820 id
1155 3739 1284 3824 verius
1311 3738 1587 3850 antiquiorum
1615 3731 1916 3826 observationi·

654 3852 726 3933 bus
740 3851 896 3961 opponi
912 3853 1096 3963 poterit,
1119 3857 1263 3968 quibua
1277 3855 1375 3940 nihil
1402 3853 1500 3939 dum
1516 3853 1565 3938 de
1583 3850 1813 3958 huJusmodi
1830 3853 1912 3936 Re·

653 3963 915 4051 frattionibur
941 3963 1130 4082 suspicari
1156 3975 1413 4086 contigerat.
1443 3975 1670 4057 Potuerunt
1698 3971 1826 4084 igitur
1842 3991 1919 4062 ans

653 4083 877 4194 nquiorem
909 4087 1051 4196 potuit
1080 4089 1385 4182 Eratosthenes,
1410 4088 1452 4173 id
1469 4088 1718 4199 quodetiam
1747 4115 1800 4172 ex
1815 4075 1914 4189 ejul-

650 4199 744 4284 dem
771 4194 933 4316 scriptis
955 4203 1138 4310 judicare
1155 4206 1304 4303 faseli,
1329 4225 1548 4323 propterea
1576 4233 1740 4320 quoqne
1756 4197 1913 4288 mensu·

647 4347 731 4404 ram
746 4317 850 4426 julio
867 4318 1104 4435 ampliorem
1115 4327 1258 4442 gradui
1274 4328 1495 4415 attribuere
1513 4326 1650 4440 ‚quod
1664 4327 1708 4409 in
1724 4325 1808 4433 ejus
1823 4316 1911 4402 lon·

647 4437 832 4550 gitudine
845 4437 1101 4554 indaganda,
1135 4444 1285 4532 nullam
1310 4444 1472 4561 prorsus
1486 4439 1793 4532 Refrat‘tionis‚
1824 4457 1911 4550 quae

649 4553 838 4641 Methodi
866 4552 998 4654 illius,
1026 4589 1106 4674 qua
1131 4568 1351 4655 utebatur,
1377 4560 1582 4649 securitati
1607 4562 1821 4650 obstabat,
1854 4576 1914 4634 1²·

648 4685 805 4768 tionem
841 4669 914 4766 fibi
938 4679 1162 4769 habendam
1189 4679 1264 4768 effe
1295 4681 1458 4769 duxerit
1489 4747 1498 4766 .
1531 4685 1830 4796 Supervttanea
1860 4665 1913 4752 est

650 4803 755 4887 enirn
772 4793 1006 4908 illioomnis
1024 4799 1241 4919 diligentia
1259 4857 1271 4897 ,
1287 4803 1358 4888 ubl
1372 4799 1560 4889 Methodi
1575 4801 1714 4892 uitio-‚'
1736 4800 1794 4885 ob
1814 4813 1912 4910 ptae·

1831 4932 1910 4996 ter·
