4256 5730
618 592 678 662 40
971 535 1531 638 OPUSCULUM

619 704 697 792 pto
722 669 811 760 solo
826 671 1091 758 micrometro
1112 664 1323 781 telescopii
1338 663 1410 752 fixi
1437 670 1479 750 in
1505 667 1753 780 quadrante,
1769 669 1884 789 quod

620 791 737 884 facile
764 785 1043 876 labefaetstusn
1071 791 1114 870 in
1139 786 1311 874 itinere,
1342 782 1533 900 nusquam
1566 783 1658 875 satis
1676 783 1885 870 restituere

514 917 517 923 ’
619 911 741 997 licuit
766 903 968 993 artificum
996 906 1173 1019 inopia,
1204 905 1250 987 dc
1280 901 1331 988 ad
1356 900 1445 989 usus
1472 899 1667 1017 quosdam
1699 899 1792 988 satis
1817 931 1889 1016 ap·

601 1049 707 1119 -tum
725 1085 738 1120 ,
765 1023 815 1110 ad
831 1021 932 1109 alios
947 1025 1130 1137 ineptum
1145 1019 1333 1135 deinceps
1347 1024 1519 1111 extitit,
1551 1049 1652 1134 quos
1669 1017 1746 1106 alia
1761 1020 1889 1103 ratio·

616 1174 666 1233 ne
680 1140 864 1260 supplere
878 1143 1098 1256 oportuit,
1129 1159 1176 1222 ut
1189 1137 1342 1223 ibidem
1357 1141 1517 1225 uberius
1532 1168 1735 1254 exponam
1755 1205 1765 1223 .

374 1253 604 1400 Ιωξῇξξξζξ·
679 1279 746 1351 81.
808 1256 1027 1372 Utriusque
1043 1258 1293 1343 instrumenti
1308 1256 1426 1346 idea,
1459 1259 1505 1342 &
1517 1283 1613 1342 cura
1633 1256 1789 1340 homini
1805 1274 1892 1338 tra-

360 1360 435 1479 {5⁰¹}
464 1415 483 1470 r
506 1411 596 1466 nn„-
616 1383 730 1472 dita,
762 1375 970 1492 sperabam
995 1374 1181 1489 equidem
1202 1371 1464 1487 quadrantem
1484 1377 1591 1460 intra
1616 1373 1720 1458 duos
1737 1368 1890 1458 menses

363 1513 450 1636 ff*
500 1506 599 1624 ξω*
615 1495 835 1588 commode
866 1493 1003 1580 haberi
1030 1488 1171 1608 poffe,
1204 1517 1293 1576 tum
1325 1519 1423 1578 vero
1447 1488 1640 1576 sessorem
1664 1491 1756 1604 post
1785 1487 1889 1574 alios

384 1591 510 1637 “m
536 1597 549 1624 ⁰
615 1621 764 1706 binos,
796 1613 966 1698 utbrevi
979 1632 1194 1723 tempore,
1225 1636 1313 1721 quae
1328 1609 1376 1693 ad
1399 1604 1620 1693 mensuram
1635 1607 1782 1721 gradus
1798 1635 1889 1721 per·

618 1735 830 1824 tinebant,
863 1729 1124 1816 haberemus,
1157 1727 1409 1812 utnimirum
1426 1723 1563 1811 seriem
1585 1721 1890 1838 triangulorum

618 1852 848 1938 Ariminum
866 1839 998 1929 versus
1015 1901 1027 1933 ,
1045 1871 1129 1956 quo
1141 1867 1190 1925 ex
1203 1841 1407 1945 Bianchini
1422 1837 1776 1929 observationibus
1791 1869 1891 1952 geo·

620 1967 801 2057 daeticis,
834 1961 1139 2066 &conjecturis
1157 1957 1270 2049 aliis,
1303 1987 1348 2044 ac
1377 1953 1730 2045 observationibus
1761 1961 1891 2044 astro·

620 2081 794 2170 numicis
810 2077 1011 2164 nonnullis
1027 2078 1261 2172 Romanum
1287 2074 1553 2160 meridianum
1578 2077 1742 2162 tendere
1756 2073 1894 2158 Eusta-

621 2205 732 2287 chius
748 2191 998 2284 Manfredius
1023 2192 1370 2306 deprehenderat,
1404 2191 1715 2308 produceremus
1737 2213 1888 2278 antes

622 2322 833 2432 hyemem,
864 2307 1030 2396 delestis
1045 2310 1279 2394 stationibus
1294 2304 1405 2394 fimul
1428 2367 1441 2404 ‚
1468 2309 1514 2392 dc
1536 2306 1890 2423 angulisobserva·

623 2439 701 2523 tis,
736 2454 823 2514 turn
837 2429 1012 2518 Arimini
1027 2427 1124 2512 loco
1137 2423 1274 2539 aliquo
1287 2424 1366 2512 bau
1390 2427 1649 2512 dimetiendas
1666 2426 1818 2512 idoneo
1832 2421 1894 2510 se·

622 2551 762 2638 leno,
793 2539 915 2634 basrm
944 2539 1071 2658 ipsam
1102 2546 1366 2634 metiremur,
1399 2545 1497 2629 dum
1525 2546 1678 2630 interea
1704 2571 1754 2629 ex
1781 2543 1892 2629 Urbe

550 2741 560 2770 ,
625 2665 889 2754 adveheretur
906 2656 1065 2758 sertor,
1091 2689 1174 2772 quo
1203 2661 1261 2746 ibi
1277 2661 1561 2748 astronomicas
1574 2659 1893 2748 'observationes

623 2809 938 2900 perageremus,
982 2781 1125 2892 quibus
1155 2780 1325 2888 peraeiis
1355 2778 1404 2863 ad
1432 2777 1527 2865 alias
1555 2782 1700 2866 Rornae
1741 2781 1892 2890 exiguo

625 2901 820 3012 temporis
853 2895 1066 2990 intervallo
1094 2894 1354 2986 instituendas
1384 2895 1711 3010 regrederemur,
1744 2901 1789 2983 ὃ(
1814 2891 1894 2982 bau

624 3015 730 3108 alia,
760 3043 839 3128 qua
869 3013 1060 3098 mensurae
1087 3040 1223 3096 omnes
1250 3009 1585 3100 confirmarentur
1617 3013 1774 3100 delens
1803 3073 1816 3108 ‚
1846 3039 1895 3096 ac

624 3130 814 3219 mensuris
832 3126 1023 3220 definita,
1056 3128 1105 3212 de
1123 3127 1268 3241 gradus
1299 3131 1573 3244 magnitudine
1593 3122 1781 3221 ¹constare
1800 3123 1896 3246 pos·

624 3249 720 3336 set.
753 3251 820 3332 Ita
849 3275 1072 3360 paucorum
1102 3241 1292 3331 menfium
1322 3247 1539 3337 interuallo
1566 3249 1749 3339 absoluta
1775 3247 1897 3336 effent

625 3391 785 3454 omma.
1162 3378 1172 3394 ’

414 3505 507 3630 ¹5¹¹?
533 3498 606 3611 {effu
689 3499 758 3572 82.
820 3485 977 3574 Atmea
991 3513 1053 3570 me
1068 3481 1190 3594 longe
1203 3479 1349 3574 fefellit
1363 3484 1474 3604 spes.
1506 3483 1612 3574 Aliis
1639 3491 1793 3575 interea
1821 3513 1894 3572 cu·

374 3593 607 3710 Ϊζῇξᾯξῇξοζὲζ
625 3606 679 3691 ris
696 3602 886 3688 distentus
900 3600 1091 3693 Artifex,
1122 3603 1356 3714 quadrantis
1382 3603 1722 3694 construetionem
1739 3605 1895 3722 produ·

372 3753 454 3860 rwa
482 3735 606 3804 n¹⁵s0¹¹0
626 3723 689 3807 xit
720 3727 763 3806 in
776 3749 920 3806 annum
949 3722 1176 3836 integrum,
1207 3749 1338 3836 eoque
1366 3719 1563 3832 amplius,
1600 3721 1797 3813 sertorem
1821 3720 1894 3804 ins

370 3811 440 3943 212¹ss
450 3827 567 3960 ἴμῑξῖζ,
578 3829 608 3862 ⁰
625 3837 774 3926 menses
802 3838 901 3928 aiios
917 3836 1077 3951 plures,
1108 3837 1219 3949 quod
1245 3839 1408 3955 quidem
1427 3867 1587 3926 ornnem
1604 3845 1795 3929 itinerum
1825 3867 1898 3923 no·

626 3959 801 4043 strorum
817 3954 1044 4066 rationem,
1076 3953 1461 4044 &observationum
1487 3953 1627 4046 seriem
1640 3959 1824 4076 pluribus
1838 3955 1898 4043 vi·

625 4076 739 4160 cibus
761 4074 1079 4164 interturbavit,
1112 4075 1325 4160 &itinera
1349 4073 1436 4189 ipsa
1462 4076 1505 4158 in
1522 4079 1638 4163 binos
1662 4105 1813 4167 annos,
1849 4101 1897 4157 ae

629 4190 791 4304 aliquot
804 4189 952 4276 menses
978 4190 1175 4305 produxit
1190 4223 1202 4285 3
1232 4191 1372 4305 inquo
1388 4191 1804 4304 illudtantummodo
1832 4216 1898 4276 ac·-

627 4311 733 4394 cidit
747 4331 1043 4423 opportunum,
1053 4305 1164 4420 quod
1178 4309 1273 4393 dum
1288 4313 1545 4398 instrumenta
1561 4307 1769 4396 lentiffime
1783 4337 1901 4424 para*-

628 4451 795 4517 rentur,
828 4427 945 4512 variis
973 4425 1025 4510 ad
1053 4423 1337 4538 corrigendam
1367 4459 1432 4513 rua
1462 4455 1588 4540 pam,
1620 4431 1666 4514 ’ἃ
1693 4429 1897 4513 montium

628 4540 782 4660 positus
811 4537 1116 4652 cognoscendos
1143 4538 1255 4630 fanis
1291 4573 1411 4632 excur
1426 4547 1541 4634 rbus,
1573 4546 1766 4632 stationes
1788 4542 1899 4660 poli·-

576 4718 578 4722 .
628 4665 727 4772 goni
756 4687 846 4746 ante
876 4662 1059 4773 priorum
1096 4657 1334 4772 angulorum
1359 4656 1595 4759 mensuras,
1637 4664 1900 4780 delegerimus

629 4807 766 4866 omnes
793 4778 928 4874 multo
960 4777 1048 4872 sane
1078 4804 1329 4894 opportunas
1344 4782 1470 4892 magis
1485 4810 1556 4896 per
1585 4781 1749 4877 otium,
1780 4807 1899 4898 quam

1804 4925 1903 4990 COR*
