4132 5766
500 651 501 654 ‘
558 625 601 711 U
657 623 699 707 A
756 623 800 710 R
855 619 896 712 T
951 627 989 711 U
1048 623 1119 708 M.
1344 638 1431 732 269

154 745 329 861 ·‚io‚.q'uo
339 629 728 830 limbubintlinatur,
740 744 946 855 ingentem
960 743 1005 826 in
1018 738 1423 828 rembtinribusiinris

158 891 337 956 ,errorem
369 857 503 947 secum
532 859 684 949 trahit,
711 881 760 944 ut
785 858 984 948 vidimus,
1010 855 1078 943 sed
1101 859 1134 942 is
1146 859 1285 970 ingens
1298 857 1423 947 etiam
1513 963 1514 968 Ν

161 982 319 1066 inducit
334 977 547 1064 discrimen
560 977 664 1060 inter
675 971 884 1089 appulsum
915 975 1092 1062 adfilum
1110 971 1351 1088 telescopii‚
1377 1005 1423 1060 ac

160 1097 370 1212 appulsum
386 1093 436 1180 ad
451 1093 712 1179 meridianum
731 1148 742 1183 ‚
759 1092 940 1207 adeoque
956 1153 968 1186 ,
984 1095 1156 1208 cognito
1167 1090 1427 1177 culminatin·

158 1219 215 1302 nis
230 1210 474 1304 momento,
502 1213 624 1296 etiam
639 1209 820 1296 deviatio
849 1206 964 1297 limbi
992 1207 1125 1296 multo
1140 1209 1275 1294 minor
1301 1213 1425 1295 evita-

153 1351 257 1423 tur',
290 1361 336 1418 ac
352 1359 428 1414 una
443 1323 630 1441 cumipsa
643 1329 818 1412 evitatur
830 1357 967 1421 error,
983 1358 1105 1442 quem
1117 1356 1162 1410 ea
1178 1325 1333 1412 inducit
1350 1395 1359 1412 .

164 1493 166 1502 ·
220 1474 316 1550 154.
356 1450 407 1534 Et
420 1449 500 1532 hoc
515 1445 678 1558 quidem
691 1448 818 1556 paeto
829 1443 969 1532 videor
982 1447 1081 1530 mihi
1094 1442 1301 1557 aliquanto
1326 1445 1423 1530 dili·
1449 1467 1672 1562 ‘orassemus

157 1568 322 1677 gentius
352 1563 433 1650 hoc
466 1584 747 1676 argumentum
774 1561 1053 1675 pennense,
1081 1590 1201 1676 quarn
1228 1560 1324 1657 aiii,
1353 1561 1677 1696 quissss‘ffluffl

154 1677 234 1770 huc
249 1681 372 1796 usque
398 1681 596 1768 ineodem
614 1674 888 1770 versarium,
905 1679 1188 1793 praestiterint,
1219 1683 1264 1770 dt
1278 1683 1425 1768 nostras
1436 1692 1599 1774 gnmr'm.
1630 1721 1674 1758 ar·

153 1799 462 1888 observationes
497 1797 778 1882 astronomicas
808 1799 860 1882 ab
887 1799 1000 1884 omni
1024 1825 1209 1884 errorum
1241 1798 1425 1913 periculo
1439 1781 1671 1918 {ssjfflssssfffl‘

157 1916 375 2001 vindicasse
394 1983 401 2002 .
418 1915 525 2000 illud
538 1941 642 2002 nunc
657 1910 843 2026 superest,
860 1936 906 1999 ut
921 1917 1096 2006 ianuam,
1110 1943 1193 2026 quo
1209 1921 1335 2028 padio
1352 1920 1427 2004 ob·

158 2031 458 2120 secretionibus
472 2026 563 2148 ipsis
575 2031 769 2116 institutis
783 2059 864 2144 ope
881 2025 1046 2118 sectoris
1061 2032 1256 2118 utendum
1274 2028 1337 2122 fit,
1355 2037 1426 2122 ubi

152 2177 211 2236 eae
244 2153 488 2238 adhibentur
518 2151 569 2234 ad
608 2148 966 2235 determinandam·
991 2145 1215 2237 mensuram
1254 2149 1426 2264 gradus,

151 2269 272 2380 quod
299 2297 371 2354 nos
388 2268 669 2381 praestitimus.
701 2270 742 2350 Si
757 2267 901 2352 eodem
932 2290 1143 2356 momento
1174 2270 1259 2355 bini
1277 2263 1427 2356 Obser-

153 2407 322 2472 ratores
334 2385 382 2469 ad
395 2389 489 2471 bina
514 2408 697 2474 extrema
709 2391 860 2495 punc'ra
888 2385 1177 2472 arcuscaeleiiis
1206 2382 1425 2474 definiendi

151 2502 195 2586 in
213 2501 407 2616 gradibus
423 2561 436 2596 ,
451 2505 618 2590 minutis
635 2559 647 2594 ‚
663 2504 708 2590 δι
730 2500 911 2588 secundis
923 2503 1119 2590 definiant
1132 2500 1307 2612 ejusdem
1322 2505 1427 2592 Fixa

149 2617 428 2707 distantiama
454 2618 525 2708 suo
541 2620 707 2712 zenith‚
735 2617 887 2708 summa
914 2619 1191 2706 distantiarum
1208 2621 1282 2713 ,fi
1311 2650 1356 2704 ea
1383 2625 1425 2704 in

147 2733 251 2824 inco
270 2738 502 2825 australiore
515 2740 648 2848 jaceat
660 2738 711 2822 ad
727 2741 897 2822 Boream
917 2794 928 2826 ‚
961 2738 1001 2818 in
1015 2736 1243 2822 borealiore
1271 2736 1322 2820 ad
1341 2741 1426 2822 Au·

39 2939 40 2942 a
140 2851 273 2940 strum
287 2872 309 2948 ,'
330 2855 558 2942 differentia
584 2885 712 2945 vero,
742 2852 1002 2965 fintrobique
1033 2853 1083 2937 ad
1096 2853 1264 2939 eandem
1287 2853 1419 2958 jaceat

140 2972 239 3055 caeli
253 2973 439 3087 plagam,
468 2972 678 3063 exhibebit
711 2997 847 3058 arcum
863 2965 993 3084 ipsum
1022 2967 1246 3061 caelestem,
1275 2992 1421 3084 utpa·

139 3110 210 3173 tet
231 3153 240 3170 .
270 3091 317 3172 ld
334 3091 496 3202 quidem
511 3090 801 3179 Condaminius
819 3086 1011 3178 demum,
1039 3109 1159 3201 atque
1173 3089 1422 3199 Bouguerius

139 3203 426 3316 praestiterunt
454 3234 532 3291 nna
557 3234 651 3290 cum
666 3203 782 3322 ipso,
811 3231 1036 3319 quanquam
1060 3201 1303 3317 oportuisset
1327 3199 1420 3290 sane

138 3315 432 3431 pluresadhuc
450 3320 649 3428 ejusmodi
683 3316 932 3406 fimultaneas
960 3315 1260 3406 observationes
1298 3317 1427 3433 pluri·
1537 3381 1540 3388 Δ

142 3442 225 3522 bus
242 3439 428 3523 nostibus
445 3437 662 3556 peregiffe,
691 3434 777 3524 srex
793 3440 840 3522 iis
854 3435 974 3529 solis,
1002 3459 1048 3521 ut
1063 3438 1171 3523 inter
1187 3467 1255 3524 eos
1270 3464 1422 3523 conve·
1542 3501 1547 3516 .

140 3557 210 3640 nit
230 3609 245 3643 ‚
275 3583 387 3642 arcus
402 3556 563 3644 caelestis
580 3555 819 3672 magnitudo
836 3553 994 3642 definiri
1012 3554 1229 3648 debuerit,
1257 3575 1304 3640 ut
1333 3552 1427 3638 alia·

141 3697 240 3758 rum
253 3675 485 3760 errorcuios
501 3675 586 3760 aliae
604 3679 857 3790 corrigerent
878 3742 888 3762 .
1190 3767 1196 3778 ,

153 3895 155 3900 ,
213 3811 311 3892 155.
332 3791 383 3877 Et
399 3791 441 3876 id
455 3791 646 3905 quidem,
663 3790 970 3905 quodnemoex
983 3792 1070 3880 aliis
1084 3789 1428 3881 observatoribus
1443 3813 1574 3908 rgnoagn
1597 3813 1675 3868 nnn·

143 3929 243 3992 ante
273 3904 382 4022 ipsos
412 3911 689 4021 praestiterat,
717 3911 886 3996 omnino
908 3909 1163 3996 necessarium
1189 3930 1303 4004 erat,
1333 3893 1676 4040 antessmffiffissff

147 4051 275 4136 quam
292 4055 430 4112 omnes
445 4029 630 4112 Fixarum
646 4047 783 4111 motus
805 4029 963 4137 cogniti
980 4024 1134 4117 edent,
1164 4051 1210 4114 ut
1224 4051 1311 4114 tum
1337 4028 1601 4143 qui-remma
1626 4045 1676 4100 ere

144 4140 246 4226 dem
263 4171 402 4230 eorum
421 4141 544 4258 aliqui
563 4142 784 4257 erantipfis
809 4146 1033 4258 incogniti.
1063 4151 1167 4231 Cum
1185 4149 1292 4230 enim
1320 4127 1612 4228 inte-“⁶‘ff²¹¹²'·

147 4281 250 4348 rea,
282 4257 379 4344 dum
394 4261 698 4348 instrumentum
727 4289 777 4346 ex
791 4259 920 4347 altero
935 4264 976 4342 in
992 4259 1164 4346 alterum
1189 4259 1427 4347 transfertur

138 4369 291 4458 locum
307 4435 318 4466 ‚
336 4379 437 4462 Fixa
453 4407 567 4491 ,quae
579 4375 669 4464 suos
682 4378 825 4462 itidem
843 4400 978 4462 motus
992 4377 1164 4469 habent,
1182 4379 1323 4468 locum
1336 4410 1426 4465 mu·

141 4512 245 4586 tent
259 4494 463 4584 nonnihil,
494 4519 610 4609 patet
625 4497 667 4578 in
682 4523 858 4580 errorem
881 4497 1016 4580 induci
1044 4524 1167 4590 eum,
1193 4500 1262 4613 qui
1279 4497 1424 4584 distan-

1 4715 2 4730 Ν
142 4610 384 4724 tiamunius
413 4614 550 4696 zenith
567 4615 616 4699 ab
629 4611 901 4698 aliodeducat
929 4640 1001 4725 per
1028 4643 1169 4700 eorum
1196 4616 1425 4704 distantiam

1 4737 2 4766 ³
140 4755 168 4812 a
182 4729 290 4818 binis
303 4725 393 4812 caeli
410 4730 570 4841 punctis
589 4785 602 4818 ‚
621 4733 661 4814 in
675 4731 819 4842 quibus
834 4734 932 4818 Fixa
943 4731 1080 4816 endem
1095 4729 1174 4818 fuit
1186 4793 1198 4825 ‚
1212 4730 1424 4840 incognita

142 4847 372 4936 eorundem
386 4847 636 4965 puuciorum
661 4848 846 4938 distantia
874 4846 948 4936 ase
968 4851 1162 4938 invicem.
1191 4849 1291 4936 Fieri
1316 4845 1424 4929 enim

1269 4961 1391 5054 debet
1408 5013 1422 5052 2
