4178 5748
421 617 963 722 secuudum.
1119 625 1123 634 '
1328 647 1407 728 rm

147 736 478 830 observandarum
503 739 700 826 distantiis
723 741 917 826 avertice
934 736 1060 848 magis
1086 737 1410 830 accommodatas

146 867 344 977 apundio
358 857 493 942 Limbi
506 859 643 945 medio
657 881 867 970 utramque
894 858 933 938 in
963 877 1122 968 partem
1150 853 1410 952 transtulisse,

148 1009 189 1066 ac
259 977 362 1063 nelis
390 973 623 1060 tenuiffimis
649 972 826 1065 notasse,
855 971 1044 1085 neglectis
1060 973 1213 1059 interea
1241 973 1325 1060 aliis
1350 977 1412 1059 di·

147 1010 389 1184 vidrunibum
412 1117 502 1205 quae
525 1093 576 1175 ad
600 1089 1005 1177 stellasobservandar
1031 1088 1131 1172 nihil
1166 1091 1410 1186 attinebant,

146 1209 868 1330 quodBouguerius&Condaminius
887 1231 980 1292 ante
1023 1207 1416 1298 raestiteranttxem-

146 1331 203 1447 pli
232 1332 393 1445 gratia,
421 1326 615 1439 quoniam
643 1327 709 1410 hic
736 1329 881 1412 Romae
913 1237 1025 1411 stessi
1053 1359 1081 1408 a
1104 1330 1238 1438 Cygni
1255 1327 1414 1416 duobus

145 1451 305 1534 circiter
321 1447 512 1560 gradibus
522 1471 616 1527 curn
644 1443 817 1532 dimidio
832 1473 856 1528 a
870 1443 1019 1553 vertice
1035 1444 1074 1525 iu
1089 1439 1256 1558 appulsu
1277 1440 1349 1530 suo
1365 1440 1416 1530 ad

147 1567 415 1666 Meridianum
431 1556 643 1646 tranfitma
670 1585 780 1651 erat,
813 1558 1084 1645 transferenda
1112 1579 1199 1646 erat
1223 1564 1412 1675 utrinque

144 1711 241 1797 pars
258 1682 384 1770 Radii
409 1675 475 1772 seu
492 1680 620 1762 totius
636 1676 904 1791 longitudinis
918 1677 1092 1762 bectoris
1121 1675 1307 1790 vigefima
1331 1703 1414 1764 ter·

145 1805 236 1889 tia,
256 1825 347 1910 quae
362 1793 610 1906 Tangentem
673 1796 820 1876 aduum
834 1791 1034 1881 duorum,
1067 1801 1317 1880 minutorum
1341 1825 1416 1881 no-

102 1907 104 1912 *
149 1943 241 2003 vem
272 1917 317 1998 dt
347 1911 518 2026 viginti,
545 1911 592 1995 dt
637 1908 890 1994 ecundorum
915 1905 996 1992 fere
1016 1909 1175 2001 trium,
1205 1915 1310 1996 &vi
1341 1913 1419 1996 inti

146 2055 333 2147 aequaret:
348 2027 651 2146 itaenirnqund
663 2022 1060 2141 superfirturumerar
1079 2026 1282 2122 intervalli
1304 1945 1419 2114 sgacil·

147 2145 330 2264 limeper
346 2165 482 2259 partes
505 2141 774 2230 conversionis
799 2140 975 2229 cochleae
991 2139 1237 2255 deprehendi
1262 2140 1421 2260 potuis·

148 2262 239 2352 set.
272 2266 346 2350 Sed
362 2260 506 2348 eodem
534 2257 698 2376 prorsus
710 2261 833 2344 rediit
845 2257 1059 2346 methodus
1086 2261 1240 2348 anobis
1262 2261 1422 2386 usurpa·

151 2403 220 2468 ta.
251 2387 420 2468 Examen
436 2379 630 2464 enimbac
645 2378 1045 2464 rationeinsiitutum
1072 2378 1153 2466 est.
1420 2471 1426 2482 ,

209 2515 253 2588 6.
286 2492 455 2618 Sumpsi
486 2520 599 2622 parte
615 2492 808 2616 ‚aliquota
829 2495 990 2589 Rodii,
1019 2523 1108 2609 quae
1131 2495 1182 2582 ad
1204 2525 1291 2586 rem
1320 2519 1664 2616 prae-narnensem·

151 2613 305 2706 sentem
318 2617 495 2702 maxime
509 2616 655 2701 idonea
670 2613 804 2701 lutura
820 2615 1115 2732 praevidebatur
1132 2675 1144 2707 ,
1174 2616 1306 2707 duerae
1332 2599 1500 2706 sunt⁸‘⁰⁴
1516 2599 1586 2656 “⁸⁰“

153 2741 196 2822 in
208 2735 370 2824 lamella
379 2732 616 2846 Crystallina
627 2735 715 2820 duae
726 2739 844 2821 reeta
867 2730 1064 2848 parallelae
1088 2733 1325 2818 tantundem
1340 2733 1423 2826 sere

154 2857 267 2942 inter
282 2853 320 2941 se
337 2848 653 2963 diffitae,quanta
664 2848 764 2935 esset
780 2855 907 2966 partis
922 2849 1029 2934 iliius
1040 2849 1277 2966 longitudo,
1293 2881 1339 2938 ac
1355 2852 1426 2940 de·

153 2972 251 3058 inde
268 2964 428 3057 lamella
441 2966 514 3052 isla
529 2972 676 3064 Limbo
691 2971 864 3062 tectoria
876 2995 966 3054 cera
981 2962 1152 3055 firmiter
1172 2997 1221 3080 ag
1249 2968 1425 3056 lutinata

149 3091 235 3176 est.
266 3087 520 3178 cavebamus
543 3085 785 3170 intereadili
816 3107 963 3174 enter,
994 3113 1044 3166 ne
1070 3082 1208 3167 lineaei
1290 3141 1302 3176 ,
1333 3113 1423 3200 quae

148 3207 263 3291 adeo
290 3197 456 3288 subtiles
485 3222 627 3285 erant,
655 3223 701 3283 ut
736 3119 816 3282 nisrg
828 3197 938 3284 lente
966 3199 1145 3286 adhibita
1162 3199 1342 3314 dignosci
1357 3205 1426 3290 vix

145 3315 353 3437 possent,
384 3313 506 3400 lineae.
518 3315 767 3426 tangentium
796 3313 961 3429 oblique
982 3313 1222 3407 infisterent,
1253 3317 1294 3401 id
1312 3319 1424 3436 quod

148 3431 386 3522 earumdem
402 3427 474 3514 ase
488 3431 660 3516 invicem
676 3432 905 3518 distantiam
924 3432 1216 3546 aliquantulum
1239 3435 1421 3526 auxisset.

149 3555 294 3640 Rebus
313 3551 393 3634 hoc
409 3548 537 3633 modo
554 3553 727 3665 paratis,
743 3547 1020 3638 eonverfiones
1039 3579 1238 3667 acpartes
1255 3583 1424 3640 conver-

152 3665 314 3755 sionum
339 3661 518 3752 cochleae
545 3670 876 3759 numerabamus,
902 3671 1049 3781 quibus
1074 3669 1270 3754 linearum
1299 3672 1425 3756 inter·

152 3785 305 3873 vallum
327 3780 652 3869 tamadistantia
680 3779 921 3872 observata,
951 3811 1239 3899 quamaparte
1266 3785 1425 3898 aliquo·

156 3923 198 3987 ta
214 3899 377 4016 sumpta
405 3893 682 4012 discrepabat.
716 3904 898 3986 Itaenim
927 3903 1116 3990 distantia
1143 3899 1425 3991 observatain-

155 4015 426 4112 uoteseebat.
452 4043 579 4129 neque
604 4016 829 4133 perieulum
855 4039 970 4112 erat,
1000 4031 1051 4104 n'e
1065 4020 1138 4105 bac
1152 4019 1310 4106 ratione
1336 4033 1440 4108 enai

158 4139 409 4234 minantibus
445 4157 563 4218 error
590 4134 731 4250 aliquis
756 4137 1006 4250 obreperet,
1036 4140 1205 4226 cum'&
1234 4136 1427 4225 laminam

161 4251 432 4366 crystallinam
447 4311 460 4345 ,
475 4279 554 4452 pua
570 4273 684 4372 parte
699 4253 924 4368 signabatur
940 4313 953 4348 ,
968 4255 1126 4341 laminae
1142 4284 1258 4341 aeneae
1271 4251 1427 4373 semper

146 4367 432 4456 cohaerentem
455 4397 534 4454 ese
562 4397 822 4462 curaremus,
852 4373 953 4457 &in
981 4373 1207 4459 aestimanda
1228 4373 1427 4463 linearum

159 4484 363 4574 dicturum
387 4514 481 4572 cum
506 4482 621 4572 limbi
637 4482 895 4576 divisionibus
926 4493 1192 4607 congruentia
1224 4491 1423 4579 duarrun.»

156 4603 344 4718 partium
358 4601 814 4724 erroremquarum‘fere
831 4630 910 4694 tres
925 4607 1141 4698 secundum
1156 4641 1282 4700 unum
1293 4637 1425 4728 equa·

162 4721 293 4813 bant,
326 4723 442 4810 nullo
457 4726 626 4842 negotio
640 4727 909 4812 evitaremus.
1076 4717 1079 4724 ’

222 4869 265 4945 7.
296 4847 440 4960 Neque
454 4865 587 4930 tamen
601 4839 849 4932 necesseerat
859 4841 1126 5052 lsgrupulofius
1147 4873 1264 4966 agere
1276 4849 1320 4935 in
1333 4875 1427 5056 pair·
1435 4881 1517 4976 Q..
1538 4895 1678 4954 sennar

1298 4989 1375 5061 ted
1391 4996 1426 5058 s·
