4178 5748
14 779 15 800 r
152 773 156 779 ·
167 737 299 858 pitin,
332 729 455 824 sedin
473 729 602 836 limbo
615 731 703 850 iplo
719 732 878 822 lamella
892 735 1055 828 mobilis
1069 761 1150 850 ope
1167 653 1420 826 mitrometr⁷i

13 801 15 934 l
166 851 463 947 eoadducitur,
494 875 543 938 ut
567 851 681 941 filum
701 853 865 970 penduli
881 856 998 944 radat
1024 852 1197 963 aliquam
1224 854 1425 943 edirisro-

14 967 15 1056 s
165 975 304 1080 tribur,
337 966 408 1058 fibi
435 974 623 1058 nimirum
650 973 909 1087 proximam,
936 973 1040 1058 unde
1069 969 1248 1058 aestimari
1276 969 1422 1084 pellit,

164 1111 352 1204 quantum
368 1117 390 1171 a
404 1089 543 1176 medio
566 1089 696 1180 limbo
709 1087 889 1178 discedat
914 1089 1029 1178 filum
1049 1084 1208 1201 ipsum,
1242 1092 1286 1178 ὅ(
1300 1118 1426 1202 angu-

164 1203 220 1294 lus
231 1208 464 1300 exhibeatur
478 1217 495 1309 )
519 1205 613 1292 effer
626 1210 812 1322 proxime
828 1205 1039 1322 parallelus
1057 1204 1179 1320 plano
1196 1203 1427 1294 inllrumen·

164 1323 198 1408 ti
218 1378 229 1415 ‚
259 1323 304 1414 dt
319 1325 476 1411 itaerat
490 1321 692 1440 perfectus
710 1324 870 1422 sector,
901 1347 949 1412 ut
962 1320 1078 1413 facile
1094 1319 1224 1438 pollet
1239 1320 1338 1408 vitri
1352 1321 1430 1407 ob·

165 1439 297 1546 jediiui
318 1463 504 1528 centrum
519 1443 723 1532 admoveri
747 1445 994 1562 ejuspiam,
1012 1438 1089 1528 -rel
1106 1437 1199 1526 inde
1224 1437 1425 1525 removeri

165 1555 211 1648 td
231 1554 538 1669 parallelismum
553 1556 683 1674 ipsum
700 1562 1013 1676 acquirendum.
1042 1557 1118 1645 Sed
1133 1575 1181 1642 ut
1206 1553 1425 1664 admodum
1567 1582 1570 1588 ·

163 1696 348 1760 accurate
367 1673 579 1763 haberetur
596 1677 880 1791 parallelismur
894 1674 1005 1793 ipse,
1025 1673 1124 1766 nihil
1139 1669 1299 1786 prorsus
1317 1667 1427 1758 lolli·

163 1789 241 1875 citi
264 1791 496 1888 extitimurr
527 1822 620 1882 narn
642 1793 738 1882 licet
753 1793 1069 1884 nullu-rixatum
1093 1787 1330 1877 altitudines
1360 1784 1428 1872 ad·

164 1905 537 1999 hibeturur‚1icet
567 1911 716 2000 horolo
746 1913 829 1998 ium
857 1909 909 2000 ad
940 1903 1148 1995 meridiem
1178 1925 1429 2018 nequaquam

160 2024 379 2136 exigatur,
409 2021 633 2114 dummodo
662 1944 792 2140 ipdnn
818 2023 1082 2137 horologium
1110 2019 1295 2134 aequabili
1328 2015 1434 2104 fera·

162 2157 262 2229 tur,
291 2162 411 2230 motu
438 2137 554 2230 facile
580 2144 799 2252 admodum
824 2169 875 2231 ex
893 2137 979 2257 ipsu
1002 2136 1313 2230 observatione,
1346 2131 1431 2222 sola

162 2255 398 2368 quadrantis
428 2255 688 2346 conrerfione
719 2260 780 2344 bis
815 2255 960 2349 latia,
1001 2249 1254 2370 dignoscitur
1282 2251 1428 2342 illico,

161 2395 360 2485 quantum
389 2371 474 2489 ipse
505 2370 716 2487 telelcopii
736 2376 858 2462 axita
883 2371 1049 2462 sectoris
1067 2369 1192 2487 plano
1212 2367 1327 2464 ,diver
1381 2391 1430 2458 t,

161 2509 210 2574 ut
224 2516 432 2583 errorem,
463 2494 533 2608 qui
548 2491 713 2608 quidem
726 2489 790 2576 hic
818 2489 925 2606 apud
940 2519 1012 2578 noe
1028 2491 1071 2573 iu
1097 2489 1241 2599 exigua
1255 2398 1433 2576 declita-

160 2605 414 2694 tione'estad
430 2602 583 2696 sensum
600 2606 731 2700 nullus
745 2663 759 2701 ‚
775 2607 893 2724 poffis
904 2607 1135 2720 corrigere,
1166 2603 1237 2689 ubi
1251 2631 1356 2720 opus.
1368 2599 1430 2688 fit.

224 2735 321 2810 16'2.
385 2724 426 2810 Si
449 2730 557 2814 enirn
572 2727 708 2842 ptimo
724 2725 790 2812 die
805 2719 1035 2811 observetur
1049 2719 1161 2809 stella
1181 2717 1282 2806 facie
1294 2721 1430 2806 otien-
1448 2769 1526 2826 M,
1548 2770 1676 2831 deme„

161 2837 195 2924 ti
215 2834 414 2934 obversa,
430 2838 604 2932 secundo
617 2841 845 2933 occidenti,
859 2843 984 2927 tertio
997 2842 1145 2929 iterum
1158 2836 1324 2930 orienti,
1340 2833 1431 2924 lim·
1448 2845 1476 2904 ἀι
1494 2847 1572 2907 susse
1594 2853 1678 2909 deen-

160 2957 237 3046 bus
265 2975 403 3044 autem
427 2960 657 3048 meridianae
683 2958 799 3048 lineae
827 2958 1095 3045 direttionem
1111 2955 1278 3045 habeat,
1311 2964 1431 3066 (quae
1449 2927 1675 3083 ssffifflssgss

160 3071 329 3188 quidem
341 3073 551 3163 courerlio
569 3135 581 3168 ‚
609 3080 655 3162 &
667 3073 831 3162 lectoris
843 3072 1071 3160 collocatio
1083 3076 1126 3156 in
1139 3069 1278 3158 nostro
1291 3071 1432 3156 instru-
1450 3083 1611 3141 altusm-

156 3210 308 3274 mento
334 3188 624 3302 expeditissime
640 3190 924 3300 praestabantur
939 3197 986 3288 2)
1016 3184 1131 3274 facile
1155 3205 1270 3299 patet
1297 3183 1432 3280 illud.

156 3299 294 3388 fieris
321 3301 533 3416 parallelus
549 3301 598 3393 fit
615 3301 780 3390 set'totis
803 3304 958 3419 plano,
990 3300 1078 3388 fore
1103 3299 1314 3390 intervalla
1329 3325 1433 3389 tem·

157 3441 312 3534 porum
330 3419 651 3532 interprimunt,
682 3424 728 3506 dt
743 3416 983 3510 secundam,
1015 3447 1061 3506 tc
1083 3420 1190 3504 inter
1203 3414 1430 3511 secundam,

159 3541 204 3622 dt
231 3535 400 3622 tertiam
427 3532 750 3624 obseruationem
776 3535 942 3651 aequalia
967 3539 1073 3624 inter
1098 3532 1165 3628 se,
1196 3531 1305 3622 secus
1333 3559 1432 3622 tero

159 3647 380 3764 inaequalia
396 3674 407 3742 .’
438 3649 584 3740 Namfi
602 3655 736 3768 primo
760 3655 827 3742 die
845 3657 901 3744 ob
913 3651 1224 3740 inclinationem·
1237 3653 1324 3737 axis
1342 3651 1432 3738 stel-

161 3765 200 3855 la
215 3770 330 3884 ptius
345 3769 397 3856 ad
412 3765 680 3884 telescopium
697 3770 915 3862 adveniat,
945 3799 1066 3886 quam
1085 3769 1135 3854 ad
1149 3766 1428 3859 meridianum,

162 3877 365 3974 converso
399 3886 666 3976 instrumento
693 3909 812 3978 tanto
842 3884 961 3974 serius
991 3889 1178 3974 adveniet
1265 3883 1429 3974 stridit·

164 4001 349 4116 adeoque
363 3997 624 4096 intervallum
639 4010 837 4118 temporis
849 4002 1103 4117 producetur
1127 4001 1211 4115 dup
1229 4032 1257 4088 o
1270 4024 1432 4116 tempo·

163 4149 207 4207 re
220 4120 260 4206 ei
272 4119 533 4210 inclinationi
552 4117 721 4210 debito.
753 4121 1019 4240 Atquoniam
1047 4123 1174 4208 tertio
1190 4117 1257 4203 die
1280 4122 1432 4206 iterum

164 4236 407 4327 tantundem
432 4259 676 4355 praevertet,
706 4236 964 4326 intervallum
994 4239 1190 4355 temporit
1213 4231 1433 4325 secundum

167 4353 250 4436 etit
278 4354 420 4446 debito
453 4356 755 4444 minus-itidem
783 4383 857 4470 per
882 4354 1052 4468 duplum
1079 4383 1256 4445 errorem
1281 4351 1430 4442 illum,

169 4463 335 4582 ipsum.
365 4478 410 4561 dt
433 4475 528 4562 bina
545 4471 758 4564 intervalla
785 4501 857 4587 per
883 4468 1152 4588 quadruplum
1180 4476 1261 4583 ejus
1284 4473 1433 4560 erroris

170 4584 283 4673 inter
296 4584 335 4674 se
353 4589 569 4680 different.
601 4595 641 4681 Si
659 4587 731 4682 fiat
744 4615 878 4678 tutem
894 4613 940 4675 ut
966 4590 1221 4680 intervallum
1235 4596 1287 4680 ab
1310 4589 1435 4672 hoto·
1456 4603 1460 4612 '

167 4699 290 4822 logio
304 4732 489 4797 notatum
505 4713 614 4797 inter
629 4705 816 4824 appulsus
833 4713 973 4824 primae
991 4764 1004 4799 ‚
1035 4739 1081 4795 ac
1097 4713 1230 4797 tertiae
1242 4707 1350 4793 dici,
1379 4701 1433 4788 td

166 4847 357 4936 quartam
372 4825 478 4917 illins
493 4827 730 4918 differentin
746 4825 1053 4918 intervallorum
1076 4851 1266 4941 partem,
1296 4821 1355 4906 ita
1367 4822 1432 4960 bi3

637 4973 640 4980 ·
1389 4967 1433 5025 nt
