4256 5730
641 643 670 710 Χ

636 747 904 918 auspiciis
945 742 1015 870 &
1059 740 1324 919 suscepta
1369 743 1457 872 est
1501 745 1785 891 anobis,
1830 747 1902 880 ὅ(

640 929 943 1060 absoluta.

729 1113 871 1238 Nec
912 1151 1059 1240 veto
1101 1107 1408 1240 summum
1434 1108 1733 1240 sacrorum
1754 1115 1897 1236 Mo·

636 1292 978 1418 deratorem
1001 1317 1221 1415 ‘earum
1275 1286 1620 1421 facultatum
1686 1290 1896 1467 ampli-

636 1471 884 1617 fictti0,
927 1513 1143 1598 eorum
1180 1472 1513 1601 studiorum
1556 1515 1767 1615 amor,
1813 1505 1895 1598 at·

636 1701 757 1826 que
808 1661 1208 1830 patrocinium
1253 1652 1536 1784 dedecet.
1584 1659 1894 1781 Mittimus

634 1833 825 1978 iliud,
872 1877 1013 1961 cum
1047 1830 1342 1960 sacrorum
1376 1843 1672 2002 regimine
1695 1831 1894 2008 ipsum

633 2016 783 2148 Tibi
816 2019 1162 2184 supremum
1198 2047 1293 2139 tot
1313 2015 1680 2189 populorum
1700 2019 1891 2186 impe·

630 2204 793 2326 tium
825 2191 1204 2328 commiffum
1235 2192 1346 2322 effe
1378 2280 1400 2337 ,
1462 2238 1725 2373 quorum
1757 2240 1892 2326 acu·

635 2375 788 2511 end'a
807 2467 829 2520 ,
851 2417 1027 2550 atque
1053 2377 1379 2505 exercenda
1396 2380 1684 2545 ingenia,
1733 2381 1893 2506 exci-

607 2561 814 2728 tanda
834 2560 1123 2691 ad²0mne
1146 2555 1483 2689 liberalium
1517 2565 1732 2690 artium
1764 2646 1784 2703 ,
1813 2554 1892 2686 ad
2031 2663 2058 2702 ,

628 2785 820 2871 omne
866 2748 1277 2907 ingenuorum
1320 2737 1646 2894 studiomm
1695 2783 1889 2910 genus

628 2923 1032 3055 excolendum
1078 2917 1416 3065 industria,
1484 2961 1888 3100 preterquam-

628 3103 801 3277 quod
821 3112 898 3236 ad
919 3105 1143 3280 ipsam
1125 3111 1365 3278 imperit
1347 3101 1739 3234 felicitatem
1756 3146 1888 3277 per·

624 3291 782 3411 tinet
826 3370 850 3426 ,
893 3285 1174 3411 locorum
1229 3283 1342 3409 suae
1381 3286 1634 3410 ditionis
1671 3281 1885 3409 distan-

622 3471 766 3606 tias,
812 3514 878 3596 ac
903 3461 1128 3641 positus
1161 3500 1424 3592 accurate
1459 3463 1666 3604 nostia,
1711 3461 1906 3634 quod„

626 3641 878 3819 quidem
921 3654 1301 3803 commerciis
1330 3642 1428 3772 vel
1467 3641 1882 3788 instituendis,

624 3824 724 3957 vel
745 3827 1183 4000 promovendis
1214 3853 1345 3953 non
1370 3828 1734 4000 aptiffimum
1756 3863 1883 3953 tan·

623 4009 955 4140 tummodo
990 4008 1071 4136 est
1091 4037 1118 4150 ‚'
1138 4157 1140 4164 y
1157 4005 1264 4138 sed
1299 4018 1495 4140 etiam.
1522 4003 1879 4185 perneceffa-

622 4201 816 4322 tium.
864 4191 1115 4365 Qanto
1146 4187 1257 4364 ipsi
1286 4185 1585 4322 sacrorum
1620 4193 1881 4362 imperio

617 4375 970 4530 adjumento
988 4376 1113 4514 est,
1161 4419 1226 4503 ac
1269 4370 1539 4549 ptaefidio
1588 4371 1881 4500 Astrono·

615 4565 735 4682 mia
751 4565 819 4680 in
835 4562 1087 4730 primis
1073 4575 1092 4649 ²
1122 4557 1274 4724 Qae
1297 4551 1555 4728 quidem
1574 4549 1695 4680 fine
1718 4557 1881 4678 Get·

536 4833 541 4846 .
616 4738 873 4909 graphiae
902 4783 976 4870 cu
977 4737 1188 4879 itura,
1263 4737 1332 4867 ὃ(
1366 4779 1514 4868 veto
1536 4741 1721 4864 etiam
1755 4730 1878 4858 fine

1796 4929 1880 5004 tet·
