4256 5730
560 574 593 664 P
649 573 692 664 R
747 571 770 658 l
824 568 871 658 M
926 569 967 664 U
1025 567 1102 662 Mi
1413 597 1435 657 r

209 687 657 816 quinquagesimaparte
682 693 811 778 totius
826 669 986 782 caelestis
1003 687 1204 777 ambitur,
1235 679 1313 775 sire
1331 601 1467 802 gradi}

210 821 281 904 bus
295 813 452 928 septem
471 865 483 900 ,
499 813 664 896 minutis
675 808 918 900 duodecim,
938 809 1079 895 distare
1092 834 1115 890 a
1130 806 1281 890 vertice
1297 833 1309 898 3
1323 804 1466 891 intulit

210 927 507 1022 inde‚rotidem
520 925 725 1040 gradum&
738 925 893 1010 minuta
907 926 1095 1012 terrestris
1107 921 1249 1008 circuli
1261 924 1467 1009 contineri

196 1047 320 1132 -inter
345 1047 492 1130 urbem
502 1064 742 1156 utramque,
768 1069 936 1155 quarum
952 1037 1204 1130 alteratos,
1235 1037 1363 1126 altera
1377 1037 1466 1122 caeli
1546 1035 1547 1039 ‘

212 1166 369 1279 puncto
382 1158 562 1246 totidem
575 1154 1149 1275 gradibus‚&nainutisa801e
1164 1153 1328 1243 distanti
1343 1153 1469 1262 subja·

210 1299 326 1366 ceret
341 1343 351 1362 .
365 1281 551 1387 Cumque
565 1307 588 1359 a
600 1277 824 1360 viatoribus
836 1273 1111 1390 comperisset,
1127 1271 1344 1360 stadiorum
1358 1277 1476 1386 quin·

208 1423 291 1511 que
307 1393 482 1482 millibus
495 1389 651 1476 easdem
661 1392 775 1476 urbes
789 1389 929 1478 distare
943 1423 965 1476 a
978 1386 1200 1477 seinvicem
1216 1449 1228 1483 ‚
1244 1389 1471 1478 deduxitil·

210 1512 310 1619 lud,
324 1512 395 1596 uni
410 1508 551 1621 gradui
565 1507 702 1595 deberi
728 1505 852 1594 stadia
854 1509 1049 1707 proxime
1067 1521 1167 1613 694,
1182 1501 1262 1592 five
1287 1505 1475 1594 milliaria

213 1623 577 1730 87.Poffidoniua,
601 1622 839 1710 cumvidere
884 1624 1144 1711 bivideretur
1158 1624 1370 1713 Canobum
1385 1621 1476 1711 stes·-

212 1741 451 1830 latnRhodi
464 1739 721 1830 horizontem
736 1739 951 1854 stringere,
981 1738 1232 1826 Alexandriae
1248 1741 1475 1854 gradibus7

218 1889 316 1946 cum
343 1856 515 1944 dimidio
543 1857 665 1970 supra
685 1855 946 1943 horizontem
968 1854 1146 1972 elevari,
1177 1855 1318 1944 distare
1344 1879 1478 1946 autem

216 1974 414 2064 Rhodum
427 1973 674 2062 Alexandria
702 1973 835 2060 sladiir
854 1996 995 2075 5000,
1025 1970 1168 2058 intulit
1194 1976 1307 2059 unius
1324 1969 1483 2058 mensu-

213 2123 303 2180 ram
331 2090 482 2204 gradus
503 2091 723 2178 stadiorum
747 2085 933 2200 proxime
950 2103 1035 2189 667
1054 2143 1065 2177 ‚
1087 2085 1166 2175 sive
1195 2088 1481 2178 milliariorum

214 2209 409 2325 proxime
423 2221 492 2321 83.
509 2210 659 2292 Arabes
673 2202 745 2290 sub
756 2207 958 2292 Maimone
980 2209 1093 2317 Rege
1108 2207 1190 2313 ejus
1203 2206 1302 2314 jussu
1316 2212 1356 2292 in
1369 2234 1479 2292 cam-

214 2328 437 2441 pirFingar
464 2329 576 2412 rec⁰ta
595 2325 819 2410 inlloream
852 2318 1074 2437 progredi,
1105 2322 1237 2410 donec
1262 2322 1379 2439 polus
1392 2351 1475 2408 uno

214 2440 345 2557 gradu
356 2443 481 2552 magis
493 2443 545 2528 ab
556 2441 772 2524 horizonte
786 2436 1031 2552 assurgeret,
1061 2440 1102 2524 in
1119 2467 1170 2529 eo
1198 2441 1370 2528 terrestri
1383 2468 1475 2552 gra.-

211 2557 298 2650 du,
326 2557 598 2668 quicicaelesli
613 2554 756 2670 gradui
769 2548 1040 2668 responderet,
1054 2553 1474 2644 inveneruntsuamil·

211 2671 334 2761 liaria
344 2673 511 2762 circiter
528 2687 593 2777 ςό.
608 2676 672 2756 Sic
684 2669 1009 2760 aliieueteribus
1024 2669 1111 2756 aliia
1122 2677 1327 2760 methodis
1347 2727 1358 2763 ‚
1384 2699 1476 2785 qua·

209 2821 307 2878 rum
320 2789 472 2905 aliquas
483 2812 699 2902 utcumque
717 2787 969 2876 adumbratas
980 2790 1193 2881 habemur,
1221 2789 1385 2876 aliarum
1399 2817 1478 2873 me·

211 2911 349 2998 moria
367 2908 603 3005 intercidit,
634 2931 758 2993 unum
774 2905 965 2995 terrestria
989 2901 1131 2991 circuli
1154 2905 1326 3026 gradum
1340 2907 1476 2996 deter-

208 3028 449 3117 minarum.

275 3162 346 3231 28.
409 3145 941 3233 Atliomneaaseinvicem
973 3145 1191 3261 plurimum
1215 3133 1710 3270 discrepanmffissljmtlj
1773 3150 1776 3156 ’

193 3259 333 3376 -quod
362 3262 524 3372 quidem
538 3265 584 3345 dt
599 3259 849 3348 crasiioribua
878 3267 1108 3356 methodis,-
1136 3267 1181 3350 δι’
1203 3264 1470 3351 instrumentis
1481 3235 1554 3353 riri:
1569 3233 1694 3353 {iiiii

207 3380 348 3464 minus
370 3379 571 3462 accuratis
597 3378 771 3463 maxima
793 3405 843 3464 ex
869 3401 981 3494 parte
1012 3381 1272 3469 tribuendum
1300 3380 1471 3466 omnino
1567 3463 1570 3475 ,
1647 3447 1654 3460 .

210 3494 299 3581 est,
330 3511 377 3578 ut
393 3492 606 3584 incaeteris
632 3495 817 3581 omnibus
844 3493 1022 3610 ipsorum
1041 3501 1313 3586 astronomicis
1336 3493 1472 3582 obser·

212 3611 452 3698 rationibus
466 3609 638 3701 accidit,
654 3613 700 3696 dc
711 3637 812 3696 vero
823 3616 945 3698 etiam
963 3613 1230 3701 mensurarum
1241 3610 1474 3708 discriminlr

213 3753 347 3840 neque
359 3727 468 3810 enim
478 3728 616 3811 eadem
632 3745 720 3810 erat
734 3727 841 3841 apud
854 3749 992 3816 omnes
1003 3731 1220 3817 stadiorum
1237 3789 1249 3823 ,
1277 3758 1323 3816 ac
1335 3727 1475 3825 millia'·

213 3847 373 3928 riorum
387 3837 597 3934 mensura,
624 3843 923 3933 necnobisulla
948 3844 1109 3934 sortasse
1124 3875 1174 3935 ex
1190 3851 1237 3934 iis
1252 3845 1471 3938 mensuris,

216 3959 374 4074 quaead
399 3987 488 4045 earn
511 3955 702 4044 remsunt
728 3961 943 4054 adhibitae,
969 3961 1063 4050 satia
1087 3962 1331 4052 innotescit.
1363 3965 1472 4048 Hinc

218 4078 291 4164 ubi
316 4075 528 4190 aliquanto
554 4074 1124 4194 diligentiuspollremiahisce
1138 4083 1385 4199 temporibus
1403 4107 1472 4167 ex·

223 4192 307 4278 coli
334 4195 470 4306 coepit
484 4193 770 4284 Astronomiaa
795 4201 837 4283 in·
861 4225 948 4284 eam
972 4195 1098 4314 ipsam
1115 4199 1306 4287 terrestris
1328 4196 1471 4310 gradus

224 4305 442 4394 mensuram
467 4313 618 4396 iterum
647 4306 854 4422 aliquanto
884 4313 1186 4430 diligentiuaest
1214 4311 1497 4428 inquifitum.'

224 4421 430 4513 Dimenses
443 4427 500 4512 est
514 4455 638 4513 unum
663 4433 860 4518 terrestris
873 4432 1082 4518 meridiani
1094 4433 1262 4548 gradum
1274 4437 1473 4517 Norvoo-

220 4537 298 4624 dus
311 4546 352 4625 in
363 4543 522 4656 Anglia,
533 4541 702 4630 Snelliur
716 4545 756 4630 in
769 4550 987 4639 Hollandia
1003 4611 1015 4645 ‚
1029 4549 1244 4638 Fernellius
1256 4553 1301 4632 in
1314 4543 1469 4633 Gallia,

218 4653 448 4746 Riccioliur
470 4666 512 4746 in
534 4659 677 4749 Italia:
709 4663 982 4768 sednondum
1005 4667 1152 4755 adulta
1165 4666 1257 4752 satia
1273 4661 1469 4746 Astrono·

218 4777 301 4872 mia
330 4829 347 4870 ι
375 4801 451 4869 nec
473 4780 778 4880 ndumentis,
809 4789 856 4876 δε
883 4777 1122 4879 observandi
1148 4780 1352 4872 methodis
1379 4766 1472 4862 satis
1500 4831 1505 4842 -

1382 4919 1473 5008 Pes·
