<?xml version="1.0" encoding="UTF-8"?>
<!DOCTYPE html PUBLIC "-//W3C//DTD XHTML 1.0 Transitional//EN"
    "http://www.w3.org/TR/xhtml1/DTD/xhtml1-transitional.dtd">
<html xmlns="http://www.w3.org/1999/xhtml" xml:lang="en" lang="en">
 <head>
  <title>
</title>
<meta http-equiv="Content-Type" content="text/html;charset=utf-8" />
  <meta name='ocr-system' content='tesseract 3.04.00' />
  <meta name='ocr-capabilities' content='ocr_page ocr_carea ocr_par ocr_line ocrx_word'/>
</head>
<body>
  <div class='ocr_page' id='page_1' title='image "./delitterariaexp00boscgoog_0281.png"; bbox 0 0 4132 5766; ppageno 0'>
   <div class='ocr_carea' id='block_1_1' title="bbox 564 565 1929 830">
    <p class='ocr_par' dir='ltr' id='par_1_1' title="bbox 564 565 1929 830">
     <span class='ocr_line' id='line_1_1' title="bbox 564 565 1929 704; baseline 0.004 -23"><span class='ocrx_word' id='word_1_1' title='bbox 564 593 745 696; x_wconf 59' lang='grc' dir='ltr'>ἐμ</span> <span class='ocrx_word' id='word_1_2' title='bbox 1006 565 1570 686; x_wconf 76' lang='lat' dir='ltr'>oeurcueun</span> <span class='ocrx_word' id='word_1_3' title='bbox 1722 681 1728 692; x_wconf 80' lang='grc'><strong><em>,</em></strong></span> <span class='ocrx_word' id='word_1_4' title='bbox 1894 681 1929 704; x_wconf 74' lang='grc'>,</span> 
     </span>
     <span class='ocr_line' id='line_1_2' title="bbox 642 706 1922 830; baseline 0.008 -34"><span class='ocrx_word' id='word_1_5' title='bbox 642 713 811 796; x_wconf 84' lang='lat' dir='ltr'>-ritrum</span> <span class='ocrx_word' id='word_1_6' title='bbox 826 769 852 802; x_wconf 88' lang='lat'>,.</span> <span class='ocrx_word' id='word_1_7' title='bbox 870 731 919 795; x_wconf 88' lang='lat' dir='ltr'>ut</span> <span class='ocrx_word' id='word_1_8' title='bbox 938 715 1119 826; x_wconf 79' lang='lat' dir='ltr'>acquirat</span> <span class='ocrx_word' id='word_1_9' title='bbox 1134 706 1379 826; x_wconf 77' lang='lat' dir='ltr'>positionem</span> <span class='ocrx_word' id='word_1_10' title='bbox 1393 707 1627 828; x_wconf 76' lang='lat' dir='ltr'>parallelum</span> <span class='ocrx_word' id='word_1_11' title='bbox 1656 709 1781 830; x_wconf 80' lang='lat' dir='ltr'>pleno</span> <span class='ocrx_word' id='word_1_12' title='bbox 1797 709 1922 806; x_wconf 69' lang='lat' dir='ltr'>sedin</span> 
     </span>
    </p>
   </div>
   <div class='ocr_carea' id='block_1_2' title="bbox 421 825 1935 5008">
    <p class='ocr_par' dir='ltr' id='par_1_2' title="bbox 659 825 1923 1028">
     <span class='ocr_line' id='line_1_3' title="bbox 659 825 1923 1028; baseline 0.006 -119"><span class='ocrx_word' id='word_1_13' title='bbox 659 829 739 918; x_wconf 87' lang='lat' dir='ltr'>ris,</span> <span class='ocrx_word' id='word_1_14' title='bbox 769 851 857 938; x_wconf 80' lang='lat' dir='ltr'>turn</span> <span class='ocrx_word' id='word_1_15' title='bbox 871 833 987 914; x_wconf 89' lang='lat' dir='ltr'>m&#39;otu</span> <span class='ocrx_word' id='word_1_16' title='bbox 998 831 1138 942; x_wconf 76' lang='lat' dir='ltr'>prime</span> <span class='ocrx_word' id='word_1_17' title='bbox 1153 833 1259 914; x_wconf 77' lang='lat' dir='ltr'>intra</span> <span class='ocrx_word' id='word_1_18' title='bbox 1275 825 1487 916; x_wconf 84' lang='lat' dir='ltr'>secundam</span> <span class='ocrx_word' id='word_1_19' title='bbox 1494 829 1817 1028; x_wconf 62' lang='lat' dir='ltr'>promoverint</span> <span class='ocrx_word' id='word_1_20' title='bbox 1833 887 1846 920; x_wconf 94' lang='lat'>,</span> <span class='ocrx_word' id='word_1_21' title='bbox 1877 853 1923 917; x_wconf 91' lang='lat' dir='ltr'>ut</span> 
     </span>
    </p>

    <p class='ocr_par' dir='ltr' id='par_1_3' title="bbox 658 942 1927 1060">
     <span class='ocr_line' id='line_1_4' title="bbox 658 942 1927 1060; baseline 0.004 -34"><span class='ocrx_word' id='word_1_22' title='bbox 658 942 768 1028; x_wconf 86' lang='lat' dir='ltr'>i&#39;dem</span> <span class='ocrx_word' id='word_1_23' title='bbox 791 951 875 1030; x_wconf 81' lang='lat' dir='ltr'>nris</span> <span class='ocrx_word' id='word_1_24' title='bbox 891 942 1134 1060; x_wconf 81' lang='lat' dir='ltr'>respondeat</span> <span class='ocrx_word' id='word_1_25' title='bbox 1160 971 1344 1032; x_wconf 78' lang='lat' dir='ltr'>accurate</span> <span class='ocrx_word' id='word_1_26' title='bbox 1361 945 1479 1032; x_wconf 84' lang='lat' dir='ltr'>radio</span> <span class='ocrx_word' id='word_1_27' title='bbox 1511 947 1659 1030; x_wconf 76' lang='lat' dir='ltr'>enoris</span> <span class='ocrx_word' id='word_1_28' title='bbox 1675 945 1858 1033; x_wconf 76' lang='lat' dir='ltr'>tendenti</span> <span class='ocrx_word' id='word_1_29' title='bbox 1878 946 1927 1032; x_wconf 79' lang='lat' dir='ltr'>ad</span> 
     </span>
    </p>

    <p class='ocr_par' dir='ltr' id='par_1_4' title="bbox 659 1061 1926 1179">
     <span class='ocr_line' id='line_1_5' title="bbox 659 1061 1926 1179; baseline 0.003 -35"><span class='ocrx_word' id='word_1_30' title='bbox 659 1063 832 1145; x_wconf 79' lang='lat' dir='ltr'>mediam</span> <span class='ocrx_word' id='word_1_31' title='bbox 851 1061 1037 1148; x_wconf 77' lang='lat' dir='ltr'>laminam</span> <span class='ocrx_word' id='word_1_32' title='bbox 1052 1061 1271 1155; x_wconf 67' lang='lat' dir='ltr'>mobilem,</span> <span class='ocrx_word' id='word_1_33' title='bbox 1300 1090 1347 1148; x_wconf 81' lang='lat' dir='ltr'>ac</span> <span class='ocrx_word' id='word_1_34' title='bbox 1367 1063 1540 1179; x_wconf 89' lang='lat' dir='ltr'>proinde</span> <span class='ocrx_word' id='word_1_35' title='bbox 1555 1063 1733 1147; x_wconf 84' lang='lat' dir='ltr'>evitetur</span> <span class='ocrx_word' id='word_1_36' title='bbox 1753 1061 1926 1148; x_wconf 86' lang='lat' dir='ltr'>inclina-</span> 
     </span>
    </p>

    <p class='ocr_par' dir='ltr' id='par_1_5' title="bbox 661 1175 1927 1294">
     <span class='ocr_line' id='line_1_6' title="bbox 661 1175 1927 1294; baseline 0.003 -33"><span class='ocrx_word' id='word_1_37' title='bbox 661 1178 724 1261; x_wconf 91' lang='lat' dir='ltr'>tio</span> <span class='ocrx_word' id='word_1_38' title='bbox 739 1181 849 1268; x_wconf 81' lang='lat' dir='ltr'>axis,</span> <span class='ocrx_word' id='word_1_39' title='bbox 877 1182 923 1264; x_wconf 75' lang='grc' dir='ltr'>δε</span> <span class='ocrx_word' id='word_1_40' title='bbox 951 1181 1128 1264; x_wconf 88' lang='lat' dir='ltr'>evitetur</span> <span class='ocrx_word' id='word_1_41' title='bbox 1154 1175 1424 1266; x_wconf 77' lang='lat' dir='ltr'>conversionis</span> <span class='ocrx_word' id='word_1_42' title='bbox 1456 1184 1696 1270; x_wconf 73' lang='lat' dir='ltr'>correctio,</span> <span class='ocrx_word' id='word_1_43' title='bbox 1728 1205 1817 1294; x_wconf 82' lang='lat' dir='ltr'>quae</span> <span class='ocrx_word' id='word_1_44' title='bbox 1841 1207 1927 1265; x_wconf 91' lang='lat' dir='ltr'>om·</span> 
     </span>
    </p>

    <p class='ocr_par' dir='ltr' id='par_1_6' title="bbox 616 1293 1926 1412">
     <span class='ocr_line' id='line_1_7' title="bbox 616 1293 1926 1412; baseline 0.002 -34"><span class='ocrx_word' id='word_1_45' title='bbox 616 1357 618 1360; x_wconf 87' lang='lat'>-</span> <span class='ocrx_word' id='word_1_46' title='bbox 657 1295 775 1378; x_wconf 86' lang='lat' dir='ltr'>nium</span> <span class='ocrx_word' id='word_1_47' title='bbox 804 1297 964 1409; x_wconf 82' lang='lat' dir='ltr'>optima</span> <span class='ocrx_word' id='word_1_48' title='bbox 986 1297 1042 1382; x_wconf 86' lang='lat' dir='ltr'>cst</span> <span class='ocrx_word' id='word_1_49' title='bbox 1069 1293 1280 1412; x_wconf 82' lang='lat' dir='ltr'>telesco&#39;pii</span> <span class='ocrx_word' id='word_1_50' title='bbox 1297 1297 1572 1381; x_wconf 85' lang='lat' dir='ltr'>constitutio.</span> <span class='ocrx_word' id='word_1_51' title='bbox 1605 1298 1652 1380; x_wconf 93' lang='lat' dir='ltr'>In</span> <span class='ocrx_word' id='word_1_52' title='bbox 1677 1323 1723 1379; x_wconf 78' lang='lat' dir='ltr'>ee</span> <span class='ocrx_word' id='word_1_53' title='bbox 1747 1298 1926 1383; x_wconf 81' lang='lat' dir='ltr'>consitu-</span> 
     </span>
    </p>

    <p class='ocr_par' dir='ltr' id='par_1_7' title="bbox 651 1408 1926 1526">
     <span class='ocr_line' id='line_1_8' title="bbox 651 1408 1926 1526; baseline -0.001 -32"><span class='ocrx_word' id='word_1_54' title='bbox 651 1412 803 1514; x_wconf 66' lang='lat' dir='ltr'>ctione</span> <span class='ocrx_word' id='word_1_55' title='bbox 818 1440 902 1497; x_wconf 91' lang='lat' dir='ltr'>non</span> <span class='ocrx_word' id='word_1_56' title='bbox 927 1413 1060 1523; x_wconf 90' lang='lat' dir='ltr'>potest</span> <span class='ocrx_word' id='word_1_57' title='bbox 1072 1415 1134 1499; x_wconf 79' lang='lat' dir='ltr'>ita·</span> <span class='ocrx_word' id='word_1_58' title='bbox 1148 1410 1262 1500; x_wconf 83' lang='lat' dir='ltr'>facile</span> <span class='ocrx_word' id='word_1_59' title='bbox 1276 1419 1355 1526; x_wconf 88' lang='lat' dir='ltr'>ope</span> <span class='ocrx_word' id='word_1_60' title='bbox 1376 1408 1495 1526; x_wconf 82' lang='lat' dir='ltr'>ipsius</span> <span class='ocrx_word' id='word_1_61' title='bbox 1526 1411 1748 1497; x_wconf 86' lang='lat' dir='ltr'>istrumenti</span> <span class='ocrx_word' id='word_1_62' title='bbox 1766 1411 1926 1498; x_wconf 82' lang='lat' dir='ltr'>definiri</span> 
     </span>
    </p>

    <p class='ocr_par' dir='ltr' id='par_1_8' title="bbox 663 1525 1927 1644">
     <span class='ocr_line' id='line_1_9' title="bbox 663 1525 1927 1644; baseline 0.003 -34"><span class='ocrx_word' id='word_1_63' title='bbox 663 1531 857 1640; x_wconf 73' lang='lat' dir='ltr'>punctum</span> <span class='ocrx_word' id='word_1_64' title='bbox 870 1532 960 1615; x_wconf 54' lang='lat' dir='ltr'>&gt;axis</span> <span class='ocrx_word' id='word_1_65' title='bbox 975 1525 1094 1643; x_wconf 83' lang='lat' dir='ltr'>ipfius</span> <span class='ocrx_word' id='word_1_66' title='bbox 1121 1527 1240 1616; x_wconf 84' lang='lat' dir='ltr'>len&#39;tir</span> <span class='ocrx_word' id='word_1_67' title='bbox 1269 1531 1505 1639; x_wconf 60' lang='lat' dir='ltr'>objeclirae.</span> <span class='ocrx_word' id='word_1_68' title='bbox 1532 1531 1607 1613; x_wconf 84' lang='lat' dir='ltr'>Sed</span> <span class='ocrx_word' id='word_1_69' title='bbox 1630 1553 1765 1614; x_wconf 82' lang='lat' dir='ltr'>tamen</span> <span class='ocrx_word' id='word_1_70' title='bbox 1793 1529 1927 1644; x_wconf 87' lang='lat' dir='ltr'>potest</span> 
     </span>
    </p>

    <p class='ocr_par' dir='ltr' id='par_1_9' title="bbox 601 1642 1926 1762">
     <span class='ocr_line' id='line_1_10' title="bbox 601 1642 1926 1762; baseline 0.002 -37"><span class='ocrx_word' id='word_1_71' title='bbox 601 1653 603 1659; x_wconf 80' lang='grc'><em>’</em></span> <span class='ocrx_word' id='word_1_72' title='bbox 663 1642 1206 1762; x_wconf 78' lang='lat' dir='ltr'>idemnliismethodiuprius</span> <span class='ocrx_word' id='word_1_73' title='bbox 1223 1644 1444 1762; x_wconf 79' lang='lat' dir='ltr'>cognosci,</span> <span class='ocrx_word' id='word_1_74' title='bbox 1476 1669 1523 1732; x_wconf 91' lang='lat' dir='ltr'>ut</span> <span class='ocrx_word' id='word_1_75' title='bbox 1551 1643 1630 1730; x_wconf 87' lang='lat' dir='ltr'>illis</span> <span class='ocrx_word' id='word_1_76' title='bbox 1660 1673 1757 1756; x_wconf 78' lang='lat' dir='ltr'>quus</span> <span class='ocrx_word' id='word_1_77' title='bbox 1775 1643 1926 1731; x_wconf 73' lang='lat' dir='ltr'>tradidi</span> 
     </span>
    </p>

    <p class='ocr_par' dir='ltr' id='par_1_10' title="bbox 550 1754 1925 1878">
     <span class='ocr_line' id='line_1_11' title="bbox 550 1754 1925 1878; baseline 0.004 -37"><span class='ocrx_word' id='word_1_78' title='bbox 550 1787 552 1794; x_wconf 71' lang='grc'>’</span> <span class='ocrx_word' id='word_1_79' title='bbox 662 1754 781 1874; x_wconf 78' lang='lat' dir='ltr'>supra</span> <span class='ocrx_word' id='word_1_80' title='bbox 800 1791 905 1850; x_wconf 89' lang='lat' dir='ltr'>num.</span> <span class='ocrx_word' id='word_1_81' title='bbox 931 1774 1039 1853; x_wconf 77' lang='lat'>1063</span> <span class='ocrx_word' id='word_1_82' title='bbox 1067 1791 1151 1876; x_wconf 93' lang='lat' dir='ltr'>quo</span> <span class='ocrx_word' id='word_1_83' title='bbox 1163 1767 1362 1878; x_wconf 84' lang='lat' dir='ltr'>cognito,</span> <span class='ocrx_word' id='word_1_84' title='bbox 1392 1762 1526 1877; x_wconf 87' lang='lat' dir='ltr'>potest</span> <span class='ocrx_word' id='word_1_85' title='bbox 1551 1763 1693 1868; x_wconf 79' lang='lat' dir='ltr'>&amp;ejus</span> <span class='ocrx_word' id='word_1_86' title='bbox 1722 1762 1925 1848; x_wconf 82' lang='lat' dir='ltr'>circularis</span> 
     </span>
    </p>

    <p class='ocr_par' dir='ltr' id='par_1_11' title="bbox 662 1880 1926 1996">
     <span class='ocr_line' id='line_1_12' title="bbox 662 1880 1926 1996; baseline 0.002 -38"><span class='ocrx_word' id='word_1_87' title='bbox 662 1880 994 1995; x_wconf 77' lang='lat' dir='ltr'>aperturuparari</span> <span class='ocrx_word' id='word_1_88' title='bbox 1015 1883 1098 1972; x_wconf 82' lang='lat' dir='ltr'>itu,</span> <span class='ocrx_word' id='word_1_89' title='bbox 1127 1905 1178 1966; x_wconf 87' lang='lat' dir='ltr'>nt</span> <span class='ocrx_word' id='word_1_90' title='bbox 1202 1885 1398 1994; x_wconf 80' lang='lat' dir='ltr'>aperturae</span> <span class='ocrx_word' id='word_1_91' title='bbox 1425 1880 1543 1996; x_wconf 78' lang='lat' dir='ltr'>ipsius</span> <span class='ocrx_word' id='word_1_92' title='bbox 1561 1902 1745 1964; x_wconf 85' lang='lat' dir='ltr'>centrum</span> <span class='ocrx_word' id='word_1_93' title='bbox 1762 1881 1926 1964; x_wconf 84' lang='lat' dir='ltr'>cumvi-</span> 
     </span>
    </p>

    <p class='ocr_par' dir='ltr' id='par_1_12' title="bbox 663 1994 1920 2110">
     <span class='ocr_line' id='line_1_13' title="bbox 663 1994 1920 2110; baseline 0.004 -35"><span class='ocrx_word' id='word_1_94' title='bbox 663 1994 718 2078; x_wconf 88' lang='lat' dir='ltr'>tri</span> <span class='ocrx_word' id='word_1_95' title='bbox 732 2025 805 2084; x_wconf 82' lang='lat' dir='ltr'>axe</span> <span class='ocrx_word' id='word_1_96' title='bbox 835 2021 1058 2110; x_wconf 79' lang='lat' dir='ltr'>congruat,</span> <span class='ocrx_word' id='word_1_97' title='bbox 1090 2001 1136 2084; x_wconf 82' lang='grc' dir='ltr'>δι</span> <span class='ocrx_word' id='word_1_98' title='bbox 1165 2001 1248 2083; x_wconf 78' lang='lat' dir='ltr'>axis</span> <span class='ocrx_word' id='word_1_99' title='bbox 1275 1997 1393 2084; x_wconf 86' lang='lat' dir='ltr'>lentis</span> <span class='ocrx_word' id='word_1_100' title='bbox 1416 1995 1590 2084; x_wconf 78' lang='lat' dir='ltr'>ocularis</span> <span class='ocrx_word' id='word_1_101' title='bbox 1619 1997 1819 2108; x_wconf 77' lang='lat' dir='ltr'>dirigatur</span> <span class='ocrx_word' id='word_1_102' title='bbox 1851 2024 1920 2110; x_wconf 87' lang='lat' dir='ltr'>per</span> 
     </span>
    </p>

    <p class='ocr_par' dir='ltr' id='par_1_13' title="bbox 662 2108 1922 2230">
     <span class='ocr_line' id='line_1_14' title="bbox 662 2108 1922 2230; baseline 0.003 -38"><span class='ocrx_word' id='word_1_103' title='bbox 662 2116 816 2198; x_wconf 69' lang='lat' dir='ltr'>redeam</span> <span class='ocrx_word' id='word_1_104' title='bbox 828 2118 1062 2226; x_wconf 84' lang='lat' dir='ltr'>jungentem</span> <span class='ocrx_word' id='word_1_105' title='bbox 1079 2112 1122 2197; x_wconf 91' lang='lat' dir='ltr'>id</span> <span class='ocrx_word' id='word_1_106' title='bbox 1140 2116 1226 2202; x_wconf 81' lang='lat' dir='ltr'>axis</span> <span class='ocrx_word' id='word_1_107' title='bbox 1242 2119 1437 2230; x_wconf 72' lang='lat' dir='ltr'>punctum</span> <span class='ocrx_word' id='word_1_108' title='bbox 1450 2141 1542 2199; x_wconf 90' lang='lat' dir='ltr'>cum</span> <span class='ocrx_word' id='word_1_109' title='bbox 1571 2108 1860 2199; x_wconf 71' lang='lat' dir='ltr'>intersectione</span> <span class='ocrx_word' id='word_1_110' title='bbox 1879 2115 1922 2196; x_wconf 88' lang='lat' dir='ltr'>li·</span> 
     </span>
    </p>

    <p class='ocr_par' dir='ltr' id='par_1_14' title="bbox 662 2221 1926 2345">
     <span class='ocr_line' id='line_1_15' title="bbox 662 2221 1926 2345; baseline 0.002 -33"><span class='ocrx_word' id='word_1_111' title='bbox 662 2221 825 2322; x_wconf 88' lang='lat' dir='ltr'>lorum,</span> <span class='ocrx_word' id='word_1_112' title='bbox 856 2229 965 2345; x_wconf 91' lang='lat' dir='ltr'>quod</span> <span class='ocrx_word' id='word_1_113' title='bbox 979 2233 1048 2316; x_wconf 93' lang='lat' dir='ltr'>ubi</span> <span class='ocrx_word' id='word_1_114' title='bbox 1063 2229 1134 2336; x_wconf 84' lang='lat' dir='ltr'>fiet</span> <span class='ocrx_word' id='word_1_115' title='bbox 1150 2288 1162 2322; x_wconf 95' lang='lat'>,</span> <span class='ocrx_word' id='word_1_116' title='bbox 1190 2229 1345 2316; x_wconf 91' lang='lat' dir='ltr'>nullum</span> <span class='ocrx_word' id='word_1_117' title='bbox 1361 2234 1403 2312; x_wconf 92' lang='lat' dir='ltr'>in</span> <span class='ocrx_word' id='word_1_118' title='bbox 1419 2232 1556 2320; x_wconf 89' lang='lat' dir='ltr'>nostro</span> <span class='ocrx_word' id='word_1_119' title='bbox 1571 2229 1649 2312; x_wconf 92' lang='lat' dir='ltr'>hoc</span> <span class='ocrx_word' id='word_1_120' title='bbox 1665 2228 1926 2314; x_wconf 82' lang='lat' dir='ltr'>instrumento</span> 
     </span>
    </p>

    <p class='ocr_par' dir='ltr' id='par_1_15' title="bbox 665 2346 1928 2464">
     <span class='ocr_line' id='line_1_16' title="bbox 665 2346 1928 2464; baseline 0.002 -38"><span class='ocrx_word' id='word_1_121' title='bbox 665 2347 971 2438; x_wconf 88' lang='lat' dir='ltr'>incommodum</span> <span class='ocrx_word' id='word_1_122' title='bbox 986 2351 1118 2432; x_wconf 90' lang='lat' dir='ltr'>timeri</span> <span class='ocrx_word' id='word_1_123' title='bbox 1135 2347 1267 2464; x_wconf 87' lang='lat' dir='ltr'>potest</span> <span class='ocrx_word' id='word_1_124' title='bbox 1291 2381 1315 2434; x_wconf 80' lang='lat' dir='ltr'><strong>a</strong></span> <span class='ocrx_word' id='word_1_125' title='bbox 1337 2346 1529 2460; x_wconf 70' lang='lat' dir='ltr'>puellari</span> <span class='ocrx_word' id='word_1_126' title='bbox 1544 2346 1728 2457; x_wconf 80' lang='lat' dir='ltr'>imaginis</span> <span class='ocrx_word' id='word_1_127' title='bbox 1748 2349 1858 2431; x_wconf 80' lang='lat' dir='ltr'>Fixae</span> <span class='ocrx_word' id='word_1_128' title='bbox 1872 2373 1928 2429; x_wconf 84' lang='lat' dir='ltr'>re·</span> 
     </span>
    </p>

    <p class='ocr_par' dir='ltr' id='par_1_16' title="bbox 667 2460 1929 2580">
     <span class='ocr_line' id='line_1_17' title="bbox 667 2460 1929 2580; baseline -0.002 -33"><span class='ocrx_word' id='word_1_129' title='bbox 667 2463 807 2580; x_wconf 72' lang='lat' dir='ltr'>speetu</span> <span class='ocrx_word' id='word_1_130' title='bbox 820 2462 1012 2556; x_wconf 84' lang='lat' dir='ltr'>filorum,</span> <span class='ocrx_word' id='word_1_131' title='bbox 1044 2493 1067 2550; x_wconf 80' lang='lat' dir='ltr'>t</span> <span class='ocrx_word' id='word_1_132' title='bbox 1094 2462 1246 2552; x_wconf 80' lang='lat' dir='ltr'>diverse</span> <span class='ocrx_word' id='word_1_133' title='bbox 1258 2465 1550 2551; x_wconf 88' lang='lat' dir='ltr'>constitutione</span> <span class='ocrx_word' id='word_1_134' title='bbox 1585 2460 1837 2552; x_wconf 83' lang='lat' dir='ltr'>oculorum,</span> <span class='ocrx_word' id='word_1_135' title='bbox 1864 2485 1929 2546; x_wconf 79' lang='lat' dir='ltr'>eut</span> 
     </span>
    </p>

    <p class='ocr_par' dir='ltr' id='par_1_17' title="bbox 668 2577 1932 2699">
     <span class='ocr_line' id='line_1_18' title="bbox 668 2577 1932 2699; baseline -0.004 -33"><span class='ocrx_word' id='word_1_136' title='bbox 668 2581 792 2674; x_wconf 82' lang='lat' dir='ltr'>ueris&#39;,</span> <span class='ocrx_word' id='word_1_137' title='bbox 823 2577 1024 2667; x_wconf 73' lang='lat' dir='ltr'>adiversa</span> <span class='ocrx_word' id='word_1_138' title='bbox 1051 2577 1388 2692; x_wconf 71' lang='lat' dir='ltr'>refrangibilitet‘e</span> <span class='ocrx_word' id='word_1_139' title='bbox 1415 2580 1644 2668; x_wconf 86' lang='lat' dir='ltr'>radiorum.</span> <span class='ocrx_word' id='word_1_140' title='bbox 1674 2585 1809 2699; x_wconf 78' lang='lat' dir='ltr'>Quam</span> <span class='ocrx_word' id='word_1_141' title='bbox 1836 2581 1932 2692; x_wconf 88' lang='lat' dir='ltr'>qui·</span> 
     </span>
    </p>

    <p class='ocr_par' dir='ltr' id='par_1_18' title="bbox 664 2699 1931 2806">
     <span class='ocr_line' id='line_1_19' title="bbox 664 2699 1931 2806; baseline -0.003 -24"><span class='ocrx_word' id='word_1_142' title='bbox 664 2699 760 2786; x_wconf 84' lang='lat' dir='ltr'>dem</span> <span class='ocrx_word' id='word_1_143' title='bbox 774 2703 830 2786; x_wconf 92' lang='lat' dir='ltr'>ob</span> <span class='ocrx_word' id='word_1_144' title='bbox 843 2699 1000 2784; x_wconf 81' lang='lat' dir='ltr'>causam</span> <span class='ocrx_word' id='word_1_145' title='bbox 1013 2701 1111 2785; x_wconf 76' lang='lat' dir='ltr'>hunc</span> <span class='ocrx_word' id='word_1_146' title='bbox 1125 2699 1242 2783; x_wconf 80' lang='lat' dir='ltr'>ulium</span> <span class='ocrx_word' id='word_1_147' title='bbox 1259 2700 1355 2782; x_wconf 88' lang='lat' dir='ltr'>vitri</span> <span class='ocrx_word' id='word_1_148' title='bbox 1374 2701 1567 2806; x_wconf 77' lang='lat' dir='ltr'>objet‘tivi</span> <span class='ocrx_word' id='word_1_149' title='bbox 1594 2699 1931 2782; x_wconf 86' lang='lat' dir='ltr'>constitutionem</span> 
     </span>
    </p>

    <p class='ocr_par' dir='ltr' id='par_1_19' title="bbox 665 2810 1928 2930">
     <span class='ocr_line' id='line_1_20' title="bbox 665 2810 1928 2930; baseline -0.002 -30"><span class='ocrx_word' id='word_1_150' title='bbox 665 2843 745 2928; x_wconf 82' lang='lat' dir='ltr'>ego</span> <span class='ocrx_word' id='word_1_151' title='bbox 757 2816 1023 2930; x_wconf 89' lang='lat' dir='ltr'>quidemnon</span> <span class='ocrx_word' id='word_1_152' title='bbox 1038 2818 1334 2930; x_wconf 87' lang='lat' dir='ltr'>improbarim,</span> <span class='ocrx_word' id='word_1_153' title='bbox 1364 2819 1492 2899; x_wconf 89' lang='lat' dir='ltr'>immo</span> <span class='ocrx_word' id='word_1_154' title='bbox 1505 2817 1630 2904; x_wconf 77' lang='lat' dir='ltr'>etiam</span> <span class='ocrx_word' id='word_1_155' title='bbox 1646 2810 1808 2900; x_wconf 73' lang='lat' dir='ltr'>fortasse</span> <span class='ocrx_word' id='word_1_156' title='bbox 1834 2841 1928 2925; x_wconf 86' lang='lat' dir='ltr'>pro·</span> 
     </span>
    </p>

    <p class='ocr_par' dir='ltr' id='par_1_20' title="bbox 569 2929 1931 3164">
     <span class='ocr_line' id='line_1_21' title="bbox 569 2929 1931 3047; baseline -0.006 -30"><span class='ocrx_word' id='word_1_157' title='bbox 569 2945 581 2972; x_wconf 65' lang='grc'><strong>“</strong></span> <span class='ocrx_word' id='word_1_158' title='bbox 664 2934 794 3020; x_wconf 86' lang='lat' dir='ltr'>barim</span> <span class='ocrx_word' id='word_1_159' title='bbox 812 2937 963 3047; x_wconf 81' lang='lat' dir='ltr'>magis,</span> <span class='ocrx_word' id='word_1_160' title='bbox 994 2933 1045 3019; x_wconf 83' lang='lat' dir='ltr'>ad</span> <span class='ocrx_word' id='word_1_161' title='bbox 1060 2935 1293 3019; x_wconf 83' lang='lat' dir='ltr'>evitandum</span> <span class='ocrx_word' id='word_1_162' title='bbox 1310 2953 1404 3018; x_wconf 90' lang='lat' dir='ltr'>utut</span> <span class='ocrx_word' id='word_1_163' title='bbox 1419 2929 1931 3016; x_wconf 65' lang='lat' dir='ltr'>leveincommodumcor&#39;-</span> 
     </span>
     <span class='ocr_line' id='line_1_22' title="bbox 665 3045 1842 3164; baseline -0.003 -34"><span class='ocrx_word' id='word_1_164' title='bbox 665 3053 858 3137; x_wconf 71' lang='lat' dir='ltr'>rectionis</span> <span class='ocrx_word' id='word_1_165' title='bbox 874 3053 947 3164; x_wconf 88' lang='lat' dir='ltr'>pe&#39;r</span> <span class='ocrx_word' id='word_1_166' title='bbox 976 3047 1276 3137; x_wconf 84' lang='lat' dir='ltr'>conversionem</span> <span class='ocrx_word' id='word_1_167' title='bbox 1291 3045 1455 3136; x_wconf 71' lang='lat' dir='ltr'>sectoris</span> <span class='ocrx_word' id='word_1_168' title='bbox 1465 3045 1801 3133; x_wconf 75' lang='lat' dir='ltr'>determinandae.</span> <span class='ocrx_word' id='word_1_169' title='bbox 1836 3051 1842 3060; x_wconf 79' lang='lat'><em>‘</em></span> 
     </span>
    </p>

    <p class='ocr_par' dir='ltr' id='par_1_21' title="bbox 453 3162 1931 3280">
     <span class='ocr_line' id='line_1_23' title="bbox 453 3162 1931 3280; baseline -0.007 -22"><span class='ocrx_word' id='word_1_170' title='bbox 453 3205 652 3273; x_wconf 58' lang='lat' dir='ltr'>nmmum</span> <span class='ocrx_word' id='word_1_171' title='bbox 733 3194 828 3268; x_wconf 84' lang='lat'>127.</span> <span class='ocrx_word' id='word_1_172' title='bbox 848 3172 1060 3253; x_wconf 38' lang='lat' dir='ltr'>,Hactenus</span> <span class='ocrx_word' id='word_1_173' title='bbox 1074 3168 1246 3252; x_wconf 79' lang='lat' dir='ltr'>diximus</span> <span class='ocrx_word' id='word_1_174' title='bbox 1271 3169 1321 3250; x_wconf 89' lang='lat' dir='ltr'>de</span> <span class='ocrx_word' id='word_1_175' title='bbox 1336 3170 1383 3252; x_wconf 90' lang='lat' dir='ltr'>iis</span> <span class='ocrx_word' id='word_1_176' title='bbox 1407 3225 1419 3258; x_wconf 92' lang='lat'>,</span> <span class='ocrx_word' id='word_1_177' title='bbox 1450 3192 1547 3280; x_wconf 84' lang='lat' dir='ltr'>quae·</span> <span class='ocrx_word' id='word_1_178' title='bbox 1556 3167 1762 3278; x_wconf 85' lang='lat' dir='ltr'>pertinent</span> <span class='ocrx_word' id='word_1_179' title='bbox 1790 3162 1847 3247; x_wconf 65' lang='lat' dir='ltr'>&#39;ad</span> <span class='ocrx_word' id='word_1_180' title='bbox 1876 3193 1931 3248; x_wconf 85' lang='lat' dir='ltr'>re·</span> 
     </span>
    </p>

    <p class='ocr_par' dir='ltr' id='par_1_22' title="bbox 422 3279 1930 3410">
     <span class='ocr_line' id='line_1_24' title="bbox 422 3279 1930 3410; baseline -0.009 -36"><span class='ocrx_word' id='word_1_181' title='bbox 422 3298 476 3410; x_wconf 50' lang='lat'>‘³¹¹¹‘</span> <span class='ocrx_word' id='word_1_182' title='bbox 496 3280 651 3374; x_wconf 65' lang='lat'><strong>⁸⁴⁶⁰¹¹⁰“.·</strong></span> <span class='ocrx_word' id='word_1_183' title='bbox 669 3291 774 3371; x_wconf 72' lang='lat' dir='ltr'>nam</span> <span class='ocrx_word' id='word_1_184' title='bbox 788 3279 1091 3399; x_wconf 80' lang='lat' dir='ltr'>dispositionem</span> <span class='ocrx_word' id='word_1_185' title='bbox 1112 3285 1292 3394; x_wconf 80' lang='lat' dir='ltr'>partium</span> <span class='ocrx_word' id='word_1_186' title='bbox 1315 3281 1480 3370; x_wconf 75' lang='lat' dir='ltr'>sectoris</span> <span class='ocrx_word' id='word_1_187' title='bbox 1507 3281 1648 3397; x_wconf 66' lang='lat' dir='ltr'>ipsius.v</span> <span class='ocrx_word' id='word_1_188' title='bbox 1676 3283 1799 3365; x_wconf 90' lang='lat' dir='ltr'>Nunc</span> <span class='ocrx_word' id='word_1_189' title='bbox 1816 3307 1930 3394; x_wconf 78' lang='lat' dir='ltr'>rgen-</span> 
     </span>
    </p>

    <p class='ocr_par' dir='ltr' id='par_1_23' title="bbox 421 3373 1924 3513">
     <span class='ocr_line' id='line_1_25' title="bbox 421 3373 1924 3513; baseline -0.009 -24"><span class='ocrx_word' id='word_1_190' title='bbox 421 3373 519 3490; x_wconf 59' lang='lat' dir='ltr'>iili?</span> <span class='ocrx_word' id='word_1_191' title='bbox 571 3375 653 3432; x_wconf 53' lang='grc' dir='ltr'>Μ’</span> <span class='ocrx_word' id='word_1_192' title='bbox 668 3401 766 3486; x_wconf 92' lang='lat' dir='ltr'>dum</span> <span class='ocrx_word' id='word_1_193' title='bbox 778 3399 948 3513; x_wconf 86' lang='lat' dir='ltr'>superest</span> <span class='ocrx_word' id='word_1_194' title='bbox 958 3398 1009 3482; x_wconf 88' lang='lat' dir='ltr'>de</span> <span class='ocrx_word' id='word_1_195' title='bbox 1023 3403 1070 3484; x_wconf 83' lang='lat' dir='ltr'>iis</span> <span class='ocrx_word' id='word_1_196' title='bbox 1086 3459 1097 3491; x_wconf 91' lang='lat'><strong><em>‚</em></strong></span> <span class='ocrx_word' id='word_1_197' title='bbox 1111 3427 1199 3511; x_wconf 82' lang='lat' dir='ltr'>quae</span> <span class='ocrx_word' id='word_1_198' title='bbox 1214 3401 1262 3484; x_wconf 79' lang='lat' dir='ltr'>ad</span> <span class='ocrx_word' id='word_1_199' title='bbox 1279 3403 1361 3508; x_wconf 84' lang='lat' dir='ltr'>ejus</span> <span class='ocrx_word' id='word_1_200' title='bbox 1374 3398 1692 3485; x_wconf 83' lang='lat' dir='ltr'>collocationem</span> <span class='ocrx_word' id='word_1_201' title='bbox 1707 3401 1924 3512; x_wconf 85' lang='lat' dir='ltr'>pertinent,</span> 
     </span>
    </p>

    <p class='ocr_par' dir='ltr' id='par_1_24' title="bbox 666 3513 1928 3631">
     <span class='ocr_line' id='line_1_26' title="bbox 666 3513 1928 3631; baseline -0.011 -25"><span class='ocrx_word' id='word_1_202' title='bbox 666 3516 742 3606; x_wconf 81' lang='lat' dir='ltr'>stre</span> <span class='ocrx_word' id='word_1_203' title='bbox 759 3513 1073 3631; x_wconf 78' lang='lat' dir='ltr'>suspensionem.</span> <span class='ocrx_word' id='word_1_204' title='bbox 1103 3523 1155 3601; x_wconf 83' lang='lat' dir='ltr'>Ea</span> <span class='ocrx_word' id='word_1_205' title='bbox 1171 3520 1328 3602; x_wconf 83' lang='lat' dir='ltr'>itnlieri</span> <span class='ocrx_word' id='word_1_206' title='bbox 1349 3518 1495 3606; x_wconf 89' lang='lat' dir='ltr'>debet,</span> <span class='ocrx_word' id='word_1_207' title='bbox 1521 3542 1569 3603; x_wconf 91' lang='lat' dir='ltr'>ut</span> <span class='ocrx_word' id='word_1_208' title='bbox 1582 3515 1746 3626; x_wconf 79' lang='lat' dir='ltr'>planum</span> <span class='ocrx_word' id='word_1_209' title='bbox 1764 3513 1928 3598; x_wconf 72' lang='lat' dir='ltr'>sectoris</span> 
     </span>
    </p>

    <p class='ocr_par' dir='ltr' id='par_1_25' title="bbox 666 3629 1930 3748">
     <span class='ocr_line' id='line_1_27' title="bbox 666 3629 1930 3748; baseline -0.008 -28"><span class='ocrx_word' id='word_1_210' title='bbox 666 3638 710 3720; x_wconf 91' lang='lat' dir='ltr'>in</span> <span class='ocrx_word' id='word_1_211' title='bbox 723 3635 849 3748; x_wconf 78' lang='lat' dir='ltr'>plano</span> <span class='ocrx_word' id='word_1_212' title='bbox 864 3634 1073 3720; x_wconf 83' lang='lat' dir='ltr'>meridiani</span> <span class='ocrx_word' id='word_1_213' title='bbox 1090 3655 1276 3719; x_wconf 82' lang='lat' dir='ltr'>accurate</span> <span class='ocrx_word' id='word_1_214' title='bbox 1290 3636 1583 3722; x_wconf 83' lang='lat' dir='ltr'>constituntur,</span> <span class='ocrx_word' id='word_1_215' title='bbox 1616 3653 1663 3716; x_wconf 93' lang='lat' dir='ltr'>ut</span> <span class='ocrx_word' id='word_1_216' title='bbox 1683 3637 1725 3716; x_wconf 88' lang='lat' dir='ltr'>in</span> <span class='ocrx_word' id='word_1_217' title='bbox 1742 3662 1789 3716; x_wconf 90' lang='lat' dir='ltr'>eo</span> <span class='ocrx_word' id='word_1_218' title='bbox 1803 3629 1930 3745; x_wconf 78' lang='lat' dir='ltr'>plano</span> 
     </span>
    </p>

    <p class='ocr_par' dir='ltr' id='par_1_26' title="bbox 667 3749 1933 3862">
     <span class='ocr_line' id='line_1_28' title="bbox 667 3749 1933 3862; baseline -0.004 -26"><span class='ocrx_word' id='word_1_219' title='bbox 667 3750 852 3836; x_wconf 84' lang='lat' dir='ltr'>inclinari</span> <span class='ocrx_word' id='word_1_220' title='bbox 870 3749 989 3862; x_wconf 85' lang='lat' dir='ltr'>pofflt</span> <span class='ocrx_word' id='word_1_221' title='bbox 1008 3752 1056 3835; x_wconf 82' lang='lat' dir='ltr'>ad</span> <span class='ocrx_word' id='word_1_222' title='bbox 1068 3751 1234 3837; x_wconf 89' lang='lat' dir='ltr'>libitum</span> <span class='ocrx_word' id='word_1_223' title='bbox 1248 3771 1274 3839; x_wconf 87' lang='lat'>,¹</span> <span class='ocrx_word' id='word_1_224' title='bbox 1289 3755 1333 3836; x_wconf 64' lang='grc' dir='ltr'>ὃς</span> <span class='ocrx_word' id='word_1_225' title='bbox 1347 3749 1649 3836; x_wconf 86' lang='lat' dir='ltr'>inclinationem</span> <span class='ocrx_word' id='word_1_226' title='bbox 1668 3807 1680 3840; x_wconf 91' lang='lat'>,</span> <span class='ocrx_word' id='word_1_227' title='bbox 1696 3775 1933 3862; x_wconf 82' lang='lat' dir='ltr'>quamcum-</span> 
     </span>
    </p>

    <p class='ocr_par' dir='ltr' id='par_1_27' title="bbox 667 3859 1932 3982">
     <span class='ocr_line' id='line_1_29' title="bbox 667 3859 1932 3982; baseline -0.003 -30"><span class='ocrx_word' id='word_1_228' title='bbox 667 3898 746 3982; x_wconf 91' lang='lat' dir='ltr'>que</span> <span class='ocrx_word' id='word_1_229' title='bbox 762 3868 928 3954; x_wconf 88' lang='lat' dir='ltr'>libuerit</span> <span class='ocrx_word' id='word_1_230' title='bbox 944 3868 1230 3952; x_wconf 80' lang='lat' dir='ltr'>accuratiffirne</span> <span class='ocrx_word' id='word_1_231' title='bbox 1259 3869 1498 3981; x_wconf 81' lang='lat' dir='ltr'>acquirere,</span> <span class='ocrx_word' id='word_1_232' title='bbox 1530 3896 1576 3954; x_wconf 79' lang='lat' dir='ltr'>ac</span> <span class='ocrx_word' id='word_1_233' title='bbox 1604 3863 1840 3978; x_wconf 79' lang='lat' dir='ltr'>acquisitam</span> <span class='ocrx_word' id='word_1_234' title='bbox 1867 3859 1932 3948; x_wconf 81' lang='lat' dir='ltr'>sit-</span> 
     </span>
    </p>

    <p class='ocr_par' dir='ltr' id='par_1_28' title="bbox 668 3979 1931 4100">
     <span class='ocr_line' id='line_1_30' title="bbox 668 3979 1931 4100; baseline -0.008 -29"><span class='ocrx_word' id='word_1_235' title='bbox 668 3984 1044 4100; x_wconf 81' lang='lat' dir='ltr'>mislrmeretinere.</span> <span class='ocrx_word' id='word_1_236' title='bbox 1078 3983 1316 4071; x_wconf 82' lang='lat' dir='ltr'>Collocatio</span> <span class='ocrx_word' id='word_1_237' title='bbox 1337 4004 1471 4069; x_wconf 82' lang='lat' dir='ltr'>autem</span> <span class='ocrx_word' id='word_1_238' title='bbox 1499 3988 1539 4068; x_wconf 91' lang='lat' dir='ltr'>in</span> <span class='ocrx_word' id='word_1_239' title='bbox 1568 3982 1695 4099; x_wconf 79' lang='lat' dir='ltr'>pleno</span> <span class='ocrx_word' id='word_1_240' title='bbox 1721 3979 1931 4070; x_wconf 82' lang='lat' dir='ltr'>meridiani</span> 
     </span>
    </p>

    <p class='ocr_par' dir='ltr' id='par_1_29' title="bbox 506 4096 1934 4217">
     <span class='ocr_line' id='line_1_31' title="bbox 506 4096 1934 4217; baseline -0.006 -31"><span class='ocrx_word' id='word_1_241' title='bbox 506 4193 508 4198; x_wconf 12' lang='grc' dir='ltr'><em>Α</em></span> <span class='ocrx_word' id='word_1_242' title='bbox 582 4096 585 4104; x_wconf 75' lang='grc'><strong>’</strong></span> <span class='ocrx_word' id='word_1_243' title='bbox 667 4103 751 4188; x_wconf 89' lang='lat' dir='ltr'>duo</span> <span class='ocrx_word' id='word_1_244' title='bbox 768 4101 965 4214; x_wconf 89' lang='lat' dir='ltr'>requirit.</span> <span class='ocrx_word' id='word_1_245' title='bbox 997 4102 1336 4213; x_wconf 78' lang='lat' dir='ltr'>primoquidem,</span> <span class='ocrx_word' id='word_1_246' title='bbox 1370 4123 1416 4187; x_wconf 93' lang='lat' dir='ltr'>ut</span> <span class='ocrx_word' id='word_1_247' title='bbox 1433 4099 1593 4217; x_wconf 84' lang='lat' dir='ltr'>planum</span> <span class='ocrx_word' id='word_1_248' title='bbox 1622 4097 1792 4187; x_wconf 71' lang='lat' dir='ltr'>senon,</span> <span class='ocrx_word' id='word_1_249' title='bbox 1818 4098 1868 4183; x_wconf 83' lang='lat' dir='ltr'>lit</span> <span class='ocrx_word' id='word_1_250' title='bbox 1893 4099 1934 4180; x_wconf 91' lang='lat' dir='ltr'>in</span> 
     </span>
    </p>

    <p class='ocr_par' dir='ltr' id='par_1_30' title="bbox 667 4212 1932 4330">
     <span class='ocr_line' id='line_1_32' title="bbox 667 4212 1932 4330; baseline -0.001 -29"><span class='ocrx_word' id='word_1_251' title='bbox 667 4217 805 4329; x_wconf 80' lang='lat' dir='ltr'>aliquo</span> <span class='ocrx_word' id='word_1_252' title='bbox 835 4213 1016 4301; x_wconf 81' lang='lat' dir='ltr'>verticuli</span> <span class='ocrx_word' id='word_1_253' title='bbox 1045 4215 1196 4330; x_wconf 85' lang='lat' dir='ltr'>plano,</span> <span class='ocrx_word' id='word_1_254' title='bbox 1225 4212 1399 4307; x_wconf 88' lang='lat' dir='ltr'>secundo</span> <span class='ocrx_word' id='word_1_255' title='bbox 1424 4246 1554 4313; x_wconf 85' lang='lat' dir='ltr'>vero,</span> <span class='ocrx_word' id='word_1_256' title='bbox 1584 4217 1932 4307; x_wconf 81' lang='lat' dir='ltr'>ut&#39;limburr&#39;n&#39;eri·</span> 
     </span>
    </p>

    <p class='ocr_par' dir='ltr' id='par_1_31' title="bbox 668 4329 1935 4448">
     <span class='ocr_line' id='line_1_33' title="bbox 668 4329 1935 4448; baseline 0.001 -32"><span class='ocrx_word' id='word_1_257' title='bbox 668 4333 1102 4418; x_wconf 69' lang='lat' dir='ltr'>dionaelineaedudtum</span> <span class='ocrx_word' id='word_1_258' title='bbox 1121 4329 1307 4448; x_wconf 83' lang='lat' dir='ltr'>sequatur</span> <span class='ocrx_word' id='word_1_259' title='bbox 1337 4339 1626 4422; x_wconf 81' lang='lat' dir='ltr'>accurate.·1is</span> <span class='ocrx_word' id='word_1_260' title='bbox 1653 4339 1757 4422; x_wconf 73' lang='lat' dir='ltr'>binis</span> <span class='ocrx_word' id='word_1_261' title='bbox 1786 4334 1935 4422; x_wconf 79' lang='lat' dir='ltr'>habitis</span> 
     </span>
    </p>

    <p class='ocr_par' dir='ltr' id='par_1_32' title="bbox 667 4448 1932 4567">
     <span class='ocr_line' id='line_1_34' title="bbox 667 4448 1932 4567; baseline 0.002 -34"><span class='ocrx_word' id='word_1_262' title='bbox 667 4451 839 4536; x_wconf 83' lang='lat' dir='ltr'>habetur</span> <span class='ocrx_word' id='word_1_263' title='bbox 849 4448 1076 4534; x_wconf 86' lang='lat' dir='ltr'>collocatio</span> <span class='ocrx_word' id='word_1_264' title='bbox 1091 4452 1131 4532; x_wconf 93' lang='lat' dir='ltr'>in</span> <span class='ocrx_word' id='word_1_265' title='bbox 1148 4451 1273 4564; x_wconf 84' lang='lat' dir='ltr'>plano</span> <span class='ocrx_word' id='word_1_266' title='bbox 1287 4452 1496 4538; x_wconf 82' lang='lat' dir='ltr'>meridiani</span> <span class='ocrx_word' id='word_1_267' title='bbox 1515 4518 1524 4537; x_wconf 92' lang='lat'><strong>.</strong></span> <span class='ocrx_word' id='word_1_268' title='bbox 1540 4459 1648 4539; x_wconf 82' lang='lat' dir='ltr'>Ante</span> <span class='ocrx_word' id='word_1_269' title='bbox 1665 4478 1800 4541; x_wconf 81' lang='lat' dir='ltr'>tutem</span> <span class='ocrx_word' id='word_1_270' title='bbox 1814 4481 1932 4567; x_wconf 79' lang='lat' dir='ltr'>quam</span> 
     </span>
    </p>

    <p class='ocr_par' dir='ltr' id='par_1_33' title="bbox 669 4562 1933 4686">
     <span class='ocr_line' id='line_1_35' title="bbox 669 4562 1933 4686; baseline 0.002 -34"><span class='ocrx_word' id='word_1_271' title='bbox 669 4567 754 4652; x_wconf 79' lang='lat' dir='ltr'>haec</span> <span class='ocrx_word' id='word_1_272' title='bbox 796 4562 881 4681; x_wconf 82' lang='lat' dir='ltr'>ipsa</span> <span class='ocrx_word' id='word_1_273' title='bbox 909 4587 1092 4650; x_wconf 84' lang='lat' dir='ltr'>accurate</span> <span class='ocrx_word' id='word_1_274' title='bbox 1122 4564 1372 4655; x_wconf 86' lang='lat' dir='ltr'>definiremus</span> <span class='ocrx_word' id='word_1_275' title='bbox 1405 4599 1419 4661; x_wconf 85' lang='lat'>¹,</span> <span class='ocrx_word' id='word_1_276' title='bbox 1456 4567 1768 4686; x_wconf 78' lang='lat' dir='ltr'>disponebamus</span> <span class='ocrx_word' id='word_1_277' title='bbox 1803 4569 1933 4658; x_wconf 72' lang='lat' dir='ltr'>seeo</span> 
     </span>
    </p>

    <p class='ocr_par' dir='ltr' id='par_1_34' title="bbox 668 4679 1933 4806">
     <span class='ocr_line' id='line_1_36' title="bbox 668 4679 1933 4806; baseline 0 -38"><span class='ocrx_word' id='word_1_278' title='bbox 668 4687 807 4768; x_wconf 88' lang='lat' dir='ltr'>remin</span> <span class='ocrx_word' id='word_1_279' title='bbox 822 4683 962 4769; x_wconf 82' lang='lat' dir='ltr'>debita</span> <span class='ocrx_word' id='word_1_280' title='bbox 975 4679 1173 4796; x_wconf 84' lang='lat' dir='ltr'>pofitione</span> <span class='ocrx_word' id='word_1_281' title='bbox 1188 4691 1602 4806; x_wconf 86' lang='lat' dir='ltr'>proximautcumque</span> <span class='ocrx_word' id='word_1_282' title='bbox 1625 4751 1636 4781; x_wconf 93' lang='lat'>‚</span> <span class='ocrx_word' id='word_1_283' title='bbox 1664 4685 1795 4804; x_wconf 86' lang='lat' dir='ltr'>ipsum</span> <span class='ocrx_word' id='word_1_284' title='bbox 1817 4685 1933 4772; x_wconf 86' lang='lat' dir='ltr'>incli-</span> 
     </span>
    </p>

    <p class='ocr_par' dir='ltr' id='par_1_35' title="bbox 669 4795 1932 4924">
     <span class='ocr_line' id='line_1_37' title="bbox 669 4795 1932 4924; baseline 0.006 -42"><span class='ocrx_word' id='word_1_285' title='bbox 669 4801 803 4888; x_wconf 83' lang='lat' dir='ltr'>nando</span> <span class='ocrx_word' id='word_1_286' title='bbox 816 4805 874 4886; x_wconf 84' lang='lat' dir='ltr'>ita</span> <span class='ocrx_word' id='word_1_287' title='bbox 889 4859 901 4894; x_wconf 92' lang='lat'>,</span> <span class='ocrx_word' id='word_1_288' title='bbox 917 4795 1088 4886; x_wconf 85' lang='lat' dir='ltr'>utsilum</span> <span class='ocrx_word' id='word_1_289' title='bbox 1100 4799 1631 4916; x_wconf 77' lang='lat' dir='ltr'>pendulidistaretumedio</span> <span class='ocrx_word' id='word_1_290' title='bbox 1645 4806 1791 4920; x_wconf 78' lang='lat' dir='ltr'>limbo,</span> <span class='ocrx_word' id='word_1_291' title='bbox 1806 4823 1932 4924; x_wconf 83' lang='lat' dir='ltr'>quan·</span> 
     </span>
    </p>

    <p class='ocr_par' dir='ltr' id='par_1_36' title="bbox 731 4945 1930 5008">
     <span class='ocr_line' id='line_1_38' title="bbox 731 4945 1930 5008; baseline -0.004 1"><span class='ocrx_word' id='word_1_292' title='bbox 731 4977 734 4982; x_wconf 94' lang='lat'>·</span> <span class='ocrx_word' id='word_1_293' title='bbox 1845 4945 1930 5008; x_wconf 87' lang='lat' dir='ltr'>tum</span> 
     </span>
    </p>
   </div>
   <div class='ocr_carea' id='block_1_3' title="bbox 0 0 2083 5764">
    <p class='ocr_par' dir='ltr' id='par_1_37' title="bbox 0 0 2083 5764">
     <span class='ocr_line' id='line_1_39' title="bbox 0 0 2083 5764; baseline 0 0"><span class='ocrx_word' id='word_1_294' title='bbox 0 0 2083 5764; x_wconf 95' lang='lat' dir='ltr'> </span> 
     </span>
    </p>
   </div>
  </div>
 </body>
</html>
