4256 5730
639 655 701 720 26
911 623 1549 745 .KOPUSCULUM

641 743 931 836 tantummodo
943 747 1047 833 binis
1063 749 1249 862 gradibus
1262 747 1312 834 de
1324 747 1408 863 ipsa
1422 752 1502 857 ejus
1515 746 1704 865 ellipseor
1717 805 1729 841 ³
1743 754 1790 840 ὅτ
1804 749 1903 838 'l'er-

639 897 693 952 rae
710 865 838 950 totius
867 866 1144 977 magnitudine
1174 866 1363 965 constare
1385 864 1525 980 pellit.
1559 867 1657 953 Fore
1683 868 1725 951 id
1739 869 1904 981 quidem

640 981 714 1098 ipsr
730 981 865 1094 Regi,
895 983 941 1065 &
958 983 1039 1067 toti
1056 1007 1182 1094 regno
1206 979 1669 1071 honorificentillrrnum‚
1701 987 1746 1069 &
1770 984 1907 1095 multo

639 1105 835 1211 majorem
861 1125 910 1182 ex
924 1093 1119 1204 ejusmodi
1135 1097 1328 1184 litteraria
1343 1098 1604 1212 expeditione
1630 1095 1907 1214 gloriamspe-

641 1221 724 1304 rari
736 1213 878 1298 debere
902 1236 1054 1325 ,quam
1067 1241 1117 1300 ex
1136 1213 1209 1300 illo
1222 1213 1342 1328 usque
1357 1217 1458 1300 adeo
1472 1214 1677 1303 celebrato
1692 1219 1905 1329 Argonau-

642 1361 775 1422 tarum
803 1332 947 1416 itinere
962 1330 1184 1417 derivatam
1197 1327 1374 1418 fabulosa
1385 1332 1550 1436 juetam
1564 1335 1781 1446 antiquitas
1797 1396 1805 1414 .

430 1464 624 1558 autunum,
645 1467 649 1473 '
698 1479 768 1551 40.
799 1443 980 1534 Consrlio
997 1447 1111 1535 avide
1128 1469 1291 1561 arrepto
1309 1469 1321 1541 ,·
1341 1446 1410 1530 alii
1425 1450 1466 1529 in
1478 1451 1708 1536 Americnm
1723 1445 1906 1535 Godinio

391 1543 624 1693 {Jffiffl
641 1569 742 1654 duce
773 1561 949 1678 proludii
981 1559 1097 1657 sunt,
1126 1562 1196 1650 alii
1226 1564 1327 1650 duee
1356 1561 1646 1680 Maupertuifio
1675 1569 1715 1648 in
1743 1569 1905 1680 Lappo·¹

392 1695 624 1772 hermineis*
642 1688 777 1793 niam.
811 1685 862 1765 Et
889 1679 1167 1792 hicquidem,
1193 1703 1434 1796 opportuno
1459 1681 1555 1766 loco
1572 1685 1679 1767 circa
1701 1681 1904 1774 Torneam

391 1775 441 1832 ‘⁰'
641 1799 859 1914 Lapponiae
889 1793 1036 1881 flumen
1062 1799 1257 1888 invento,
1287 1799 1398 1900 brevi
1412 1793 1788 1912 gradumdimensus
1817 1796 1903 1888 est,

598 2011 599 2014 g
641 1945 758 2033 quern
787 1909 869 2027 ipse
890 1910 1040 2026 polaris
1065 1911 1238 2000 circulus
1263 1911 1506 2006 intersecat,
1537 1945 1656 2030 quem
1673 1943 1766 1998 cum
1793 1914 1915 1997 inre·-¹

640 2029 754 2118 nillet
769 2027 1030 2136 Piccardiano
1059 2032 1187 2142 gradu
1206 2057 1226 2122 ,'
1250 2024 1324 2113 ase
1339 2035 1527 2118 correero
1542 2061 1614 2144 per
1633 2027 1902 2143 Bradleyanos

640 2149 733 2236 illos
747 2143 915 2231 lixarum
928 2143 1127 2230 stellarum
1145 2169 1278 2232 motus
1297 2201 1308 2235 ,
1343 2143 1681 2236 &refractionem
1715 2143 1902 2254 armagis

640 2266 765 2382 etiam
781 2291 850 2374 per
865 2290 953 2346 eam
972 2264 1271 2348 correctionem
1284 2262 1513 2352 imminuto,
1529 2266 1758 2376 quingentis
1784 2259 1904 2344 circi·

641 2405 703 2468 ter
729 2381 921 2484 majorem
938 2379 1179 2490 hexapedis,
1211 2407 1316 2463 anno
1337 2409 1460 2490 1737.
1480 2377 1717 2493 opusculum
1744 2377 1900 2464 edidit,

640 2517 786 2611 quo'ex
801 2493 906 2578 hisce
930 2497 1035 2581 binis
1050 2495 1238 2606 gradibus
1258 2525 1340 2582 non
1355 2495 1640 2581 tantummodo
1663 2493 1905 2578 demonstra-

641 2637 728 2698 tam
742 2607 814 2696 elle
829 2607 1160 2723 comprellronem
1173 2613 1222 2698 ad
1243 2613 1361 2730 polos
1384 2667 1396 2702 ,
1428 2607 1496 2697 sed
1510 2608 1633 2723 ipsam
1650 2607 1821 2695 Telluris
1838 2629 1907 2693 to·

643 2732 721 2814 tius
747 2730 793 2813 ὃς
813 2726 1156 2840 magnitudinem,
1186 2734 1231 2816 δι
1258 2726 1426 2844 figuram
1455 2725 1737 2813 accuratillime
1763 2721 1915 2810 definis<

642 2868 724 2930 tam
741 2848 782 2927 in
795 2843 879 2958 ipsa
891 2843 985 2930 libri
1004 2840 1137 2930 fronte
1154 2843 1361 2932 affirmavit
1375 2881 1393 2933 .’

447 2996 527 3048 vana
555 2994 643 3046 ,rm
699 2989 764 3059 41.
826 2965 977 3045 Verum
994 2985 1011 3050 ,’
1038 2985 1128 3046 cum
1146 2963 1237 3048 inde
1263 2961 1396 3050 multo
1424 2963 1556 3068 major
1574 2963 1813 3078 compreffio
1836 2957 1908 3042 de-

399 3073 499 3204 dfjfffss
502 3072 629 3202 ,1¹:2⁶⁶le
643 3071 859 3162 duceretur
876 3131 887 3164 ,
904 3105 1025 3189 quarn
1044 3105 1127 3162 non
1144 3081 1320 3194 Hugenii
1333 3081 1618 3168 tantummodo
1635 3137 1646 3169 ,
1679 3077 1746 3161 sed
1761 3106 1810 3161 ne
1823 3069 1907 3185 ipsa

401 3225 593 3283 munerun.
641 3195 804 3306 quidem
839 3197 1042 3278 Nenrtoni
1069 3195 1229 3280 theoria
1255 3198 1501 3306 requireret,
1535 3195 1674 3305 paullo
1700 3185 1912 3307 postipsas·

644 3307 786 3393 eodem
813 3303 1105 3394 accuratiflimo
1122 3311 1311 3393 Grahami
1327 3311 1590 3397 instrumento
1608 3373 1619 3404 ‚
1650 3340 1731 3424 quo
1745 3313 1787 3390 in
1800 3309 1908 3415 Lap-

645 3426 771 3540 ponia
784 3441 869 3503 erat
882 3413 1278 3511 usuaastronomicas
1293 3425 1474 3510 Piccardi
1488 3423 1784 3512 observationes
1800 3445 1911 3530 repe·

648 3542 719 3626 tiit
737 3597 749 3632 ,
779 3539 976 3632 retentis,
1006 3565 1094 3652 quae
1111 3537 1179 3624 ille
1209 3537 1444 3628 definiverat
1460 3540 1645 3628 locorum
1658 3531 1907 3625 intervallis,

651 3662 754 3742 &ex
781 3649 1127 3743 observationibus
1145 3659 1258 3742 novis
1277 3659 1443 3771 gradum
1466 3653 1597 3772 ipsum
1622 3658 1755 3772 augeri
1784 3677 1911 3765 opor-

652 3777 737 3857 tere
764 3791 897 3862 ratus,
928 3769 1142 3861 discrimen
1169 3771 1270 3858 illud
1298 3777 1488 3860 binorum
1514 3778 1710 3894 graduum
1728 3769 1808 3855 fere
1836 3765 1910 3850 du·

651 3889 724 4005 plo
751 3889 880 3972 minus¹
908 3891 1104 3979 invenit,
1135 3891 1390 4002 adeoque&
1419 3897 1749 4004 comprellionem
1778 3881 1913 3971 multo

652 4009 847 4091 minorem
872 4008 1114 4102 constituit,
1144 4037 1264 4122 quam
1280 4032 1396 4092 antea
1410 4007 1624 4095 statuill'et.
1656 4011 1803 4092 Verum
1816 4024 1910 4079 cum

653 4121 702 4205 de
729 4115 816 4232 ipsrs
835 4117 1020 4208 locorum
1038 4123 1258 4210 intervallis
1274 4155 1295 4208 a
1309 4125 1503 4211 Piccardo
1533 4127 1709 4209 delinitis
1737 4113 1914 4227 suspicio

654 4237 804 4321 oborta
817 4232 926 4326 effet,
940 4241 1098 4348 Jacobo
1111 4239 1269 4326 Callino
1283 4240 1420 4325 eadem
1435 4244 1583 4328 iterum
1598 4231 1831 4324 dimetiendi
1843 4254 1914 4310 cu-

654 4355 696 4433 re
712 4353 952 4440 demandata
969 4351 1073 4446 fuit,
1104 4359 1175 4471 qui
1190 4360 1230 4440 in
1249 4357 1433 4446 Piccardi
1448 4356 1639 4442 mensuris'
1661 4349 1911 4438 terrestribus

651 4497 832 4553 errorem
850 4471 1070 4558 admodum
1096 4472 1343 4560 manifestum
1357 4473 1644 4586 deprehendit,
1676 4499 1760 4582 quo
1783 4460 1912 4550 subla·

658 4609 704 4669 to
718 4583 820 4667 illud
833 4587 1038 4672 inventum
1052 4591 1134 4685 est,¹
1164 4591 1346 4676 Piceardi
1358 4591 1524 4702 gradum
1537 4586 1755 4674 caelestibus
1769 4575 1909 4695 ipsiu,

644 4731 690 4786 ac
703 4703 961 4789 'terrestribus
979 4709 1183 4804 erroribus
1198 4703 1234 4790 se
1251 4728 1394 4791 mutuo
1409 4711 1730 4821 corrigentibus,
1756 4701 1804 4785 ad
1817 4719 1910 4776 ean-

644 4817 734 4904 dem
756 4817 903 4908 fereab'
930 4820 1019 4936 ipso
1033 4825 1230 4912 Piccardo
1248 4818 1457 4922 definitam
1484 4825 1585 4915 olim
1598 4815 1913 4946 magnitudinem

1806 4957 1910 5020 mtto
