4132 5766
632 594 720 676 wo
972 563 1605 660 opusculum:

631 685 690 775 li,
714 679 882 796 plauum
894 675 1028 796 ipsum
1041 703 1230 772 accurate
1256 681 1474 798 levigatum
1489 678 1584 769 effer
1599 733 1626 786 2,
1649 680 1900 770 &accurate

630 827 856 912 congruens
871 797 994 914 plano
1020 801 1276 892 manubriiio
1291 830 1345 912 u,
1368 821 1424 888 ut
1451 798 1598 890 itidem
1624 802 1728 906 inl(
1734 797 1906 896 cochlea

630 919 957 1034 cohibeaturper
981 913 1151 1008 fimilem
1164 920 1479 1034 congruentiam
1498 915 1712 1032 planorum
1724 945 1902 1037 perpen-

630 1035 869 1124 dicularium
896 1036 1155 1126 axicochleae
1175 1043 1376 1128 ,Domum
1402 1037 1592 1128 distantia
1608 1039 1714 1126 inter
1733 1041 1850 1126 tm&
1869 1040 1908 1123 V

630 1153 761 1242 nihilo
775 1155 903 1262 major
915 1149 988 1240 ell'e
1002 1155 1124 1254 debet
1138 1157 1245 1242 inter
1259 1154 1459 1246 foramina
1473 1153 1682 1244 cochleam
1695 1157 1900 1272 excipien-

553 1270 557 1278 ’
632 1275 722 1366 tia',
749 1270 1018 1364 &cochleam
1035 1272 1147 1389 ipla,
1163 1300 1252 1390 quae
1268 1277 1502 1391 excipitur,
1529 1276 1787 1366 oenimirum
1803 1303 1901 1390 pro·

631 1393 791 1478 moveri
815 1387 1008 1483 cochlea,
1034 1395 1080 1482 dt
1099 1389 1483 1510 parallelepipedum
1500 1409 1520 1483 ,'
1540 1421 1587 1480 ac
1613 1392 1752 1508 regula
1780 1386 1902 1508 polht

575 1549 578 1554 ¹
629 1509 853 1624 quidquam
877 1507 1155 1605 oliaratione,
1186 1541 1308 1629 quam
1326 1510 1444 1627 ipfius
1462 1509 1643 1601 cochleae
1668 1503 1903 1602 converliov

629 1655 711 1717 ne.
742 1631 796 1714 Ea
808 1629 948 1715 omnia
963 1651 1052 1718 tum
1078 1628 1239 1721 demum
1264 1631 1452 1720 obtinuit
1475 1625 1667 1722 Artifex,
1696 1656 1789 1718 cum
1804 1626 1899 1743 post

626 1745 781 1833 brachii
797 1743 1055 1835 TVforamen
1075 1745 1308 1864 Vapposuit
1334 1745 1500 1836 anulum
1524 1744 1575 1834 D'
1592 1750 1691 1836 bene
1720 1742 1897 1862 compla-

626 1863 1153 1980 natum,&levigatumad
1199 1889 1301 1955 artes
1317 1869 1372 1960 V,
1388 1897 1509 1983 quem
1524 1863 1596 1982 ipsr
1611 1865 1804 1984 appreffit
1817 1889 1895 1976 ope

609 1977 804 2066 cochleae
820 2010 1010 2072 convexae
1019 1980 1107 2074 r's‘
1117 1895 1265 2076 inlisu
1280 1983 1447 2074 cochlea
1459 2014 1559 2074 cava
1568 1980 1631 2077 E',
1648 2015 1729 2100 qua
1742 1985 1812 2076 ubi
1829 2007 1894 2064 va·

624 2095 811 2187 lidilllme
828 2097 1017 2216 apprellit
1030 2097 1160 2218 ipsum
1184 2101 1347 2192 anulum
1360 2100 1412 2192 ly
1427 2105 1597 2194 brachio
1614 2106 1670 2198 V,
1700 2095 1888 2217 &ipsum

625 2217 864 2311 brachium,
895 2243 1092 2333 quantum
1125 2249 1196 2338 per
1219 2219 1373 2308 metalli
1400 2219 1685 2310 elasticicatem
1716 2219 1888 2308 liceret,

624 2337 767 2450 coegit
791 2337 981 2424 accedere
1007 2335 1056 2424 ad
1083 2366 1136 2429 u,
1162 2336 1424 2430 conversione
1436 2343 1631 2428 continua
1644 2336 1824 2431 cochleae
1847 2331 1889 2420 id

625 2453 763 2546 effecit
777 2513 792 2548 ,
806 2476 854 2544 ut
869 2449 948 2540 illae
962 2450 1057 2570 ipsae
1071 2453 1201 2547 facies,
1215 2483 1302 2572 quae
1317 2453 1356 2544 se
1369 2461 1615 2574 contingunt
1630 2461 1673 2544 in
1686 2453 1737 2546 D‘
1751 2513 1762 2548 ,
1777 2460 1889 2562 dtu,

565 2648 572 2663 .
623 2567 664 2658 se
693 2593 944 2665 attererent,
975 2575 1019 2662 &
1051 2577 1196 2662 attritu
1213 2571 1303 2692 ipso
1327 2579 1581 2692 acquirerent
1597 2571 1886 2668 accuratiffime

624 2685 874 2804 positionem
900 2691 1275 2824 perpendicularem
1302 2699 1368 2782 axi
1394 2693 1574 2784 cochleae
1604 2696 1887 2786 circumadae,

624 2809 738 2914 cujus
766 2808 900 2892 motui
921 2809 1067 2898 deinde
1082 2810 1241 2900 idcirco
1264 2839 1400 2902 motus
1415 2811 1568 2930 regule
1600 2806 1886 2904 accuratiilirne

621 2921 947 3014 obsecundavit.

372 3029 606 3172 fflfgflj'ssg
690 3067 783 3150 195.
810 3047 974 3132 Laxatis
988 3067 1123 3134 autem
1139 3045 1317 3136 cochleis
1337 3046 1670 3167 Mm'figurae8,
1703 3070 1796 3138 tota
1809 3073 1889 3134 ma·

372 3181 407 3233 u,
433 3187 601 3279 „uuan-
624 3159 742 3248 china
757 3191 835 3250 una
851 3189 943 3250 cum
966 3161 1104 3280 regula
1132 3163 1281 3260 ferrea,
1309 3171 1355 3256 dt
1383 3167 1608 3289 telelcopio
1634 3166 1889 3256 circumduci

371 3257 555 3340 '‘¹²⁸¹1'0ffi‘·
621 3279 758 3395 potest
770 3307 843 3393 per
856 3283 1119 3394 quadrantem
1144 3284 1381 3384 liberrime,
1412 3295 1458 3380 &
1477 3292 1537 3378 ibi
1553 3291 1715 3379 demum
1730 3286 1890 3377 adstrin-

622 3399 667 3512 gi
680 3391 855 3510 ipsarum
868 3397 1123 3490 cochleatum
1139 3435 1166 3489 o
1197 3434 1251 3503 e,
1280 3410 1326 3494 δε
1352 3405 1456 3526 affigi
1469 3408 1598 3496 limbo
1622 3406 1877 3522 quadrantis,

622 3517 693 3604 ubi
709 3512 878 3602 libuerit
894 3549 905 3612 5
937 3511 1014 3605 fine
1030 3549 1144 3634 quaa
1186 3525 1306 3612 xione
1322 3583 1334 3618 ,
1351 3552 1470 3616 motu
1497 3526 1674 3616 cochleae
1691 3529 1770 3615 uls,
1793 3547 1878 3605 non

621 3657 812 3722 movetur
838 3633 1002 3750 regula,
1030 3634 1095 3726 sed
1125 3640 1209 3728 haec
1231 3639 1317 3758 ipsa
1350 3648 1562 3742 machina,
1590 3643 1797 3735 accedente
1824 3635 1877 3724 ad

618 3751 796 3866 regulam
811 3751 940 3840 altero
966 3755 1201 3847 emorlibus
1217 3763 1275 3855 T,
1307 3788 1356 3858 t,
1387 3765 1519 3855 altero
1538 3764 1776 3854 recedente.
1804 3761 1879 3845 La·

620 3873 1037 3982 xatis.veropraeterea
1054 3877 1229 3968 cochleis
1244 3883 1304 3978 L,
1330 3883 1371 3982 l,
1404 3889 1474 3979 N,
1505 3918 1559 3979 n,
1592 3905 1684 3972 tota
1709 3883 1792 3968 baec
1806 3905 1886 3964 ma-

623 3989 744 4074 china
764 3988 950 4074 avellitur
967 4021 990 4076 a
1017 3991 1180 4090 limbo,
1212 4002 1257 4085 lic
1275 4032 1297 4087 a
1314 4005 1476 4124 regula,
1508 4033 1597 4123 quae
1623 4029 1718 4090 cum
1733 3997 1806 4086 luo
1825 4019 1886 4084 tc-

626 4103 809 4316 lesbcopio
845 4108 1189 4212 circumducitur,
1219 4124 1335 4207 utin
1375 4124 1662 4241 quadrantibus
1701 4143 1887 4208 commu-

626 4254 670 4314 nr
700 4258 755 4313 us.
1496 4271 1499 4278 ·

366 4351 603 4493 uredsuanmssea·
687 4358 779 4454 196.
809 4345 905 4434 Haec
929 4347 979 4435 ad
1008 4349 1349 4444 constructionem
1378 4365 1586 4478 pertinent
1620 4361 1889 4480 quadrantis,

363 4449 601 4575 ἱῗξζχᾞῧῗδῗζ
620 4469 687 4553 cui
715 4465 879 4584 quidem
908 4469 1019 4560 binas
1047 4473 1246 4563 machinas
1274 4480 1477 4593 postremo
1508 4479 1729 4598 descriptas
1757 4479 1888 4588 loco,

364 4586 457 4659 enee,
479 4613 599 4660 tentata·
619 4588 721 4675 hanc
734 4587 922 4673 nimirum
941 4589 1160 4705 expreffam
1173 4593 1216 4676 in
1229 4591 1358 4712 figura
1376 4633 1431 4701 7,
1463 4604 1509 4690 δι
1524 4615 1577 4696 8,
1608 4605 1655 4690 ἃ
1672 4598 1745 4690 illa
1758 4594 1887 4686 ferree

618 4704 731 4820 septa
747 4707 818 4796 AB
843 4705 889 4816 ba
907 4703 1044 4824 figurae
1064 4733 1087 4813 ς
1113 4713 1241 4798 adieci
1269 4723 1446 4806 Romam
1469 4721 1631 4818 demum
1665 4713 1852 4834 regrellus
1870 4757 1895 4809 a

618 4823 735 4921 nullo
761 4827 971 4926 Arimini,
996 4857 1072 4922 nec
1095 4827 1248 4952 uspiam
1273 4837 1373 4930 alibi
1398 4835 1494 4932 satis
1519 4841 1673 4930 idoneo
1704 4829 1886 4924 Artifice

1743 4981 1888 5070 reper-
