<?xml version="1.0" encoding="UTF-8"?>
<!DOCTYPE html PUBLIC "-//W3C//DTD XHTML 1.0 Transitional//EN"
    "http://www.w3.org/TR/xhtml1/DTD/xhtml1-transitional.dtd">
<html xmlns="http://www.w3.org/1999/xhtml" xml:lang="en" lang="en">
 <head>
  <title>
</title>
<meta http-equiv="Content-Type" content="text/html;charset=utf-8" />
  <meta name='ocr-system' content='tesseract 3.04.00' />
  <meta name='ocr-capabilities' content='ocr_page ocr_carea ocr_par ocr_line ocrx_word'/>
</head>
<body>
  <div class='ocr_page' id='page_1' title='image "./delitterariaexp00boscgoog_0083.png"; bbox 0 0 4256 5730; ppageno 0'>
   <div class='ocr_carea' id='block_1_1' title="bbox 631 501 1587 666">
    <p class='ocr_par' dir='ltr' id='par_1_1' title="bbox 631 501 1587 666">
     <span class='ocr_line' id='line_1_1' title="bbox 631 501 1587 666; baseline 0.002 -16"><span class='ocrx_word' id='word_1_1' title='bbox 631 577 684 666; x_wconf 73' lang='grc' dir='ltr'><strong>ςσ</strong></span> <span class='ocrx_word' id='word_1_2' title='bbox 960 501 1587 654; x_wconf 75' lang='lat' dir='ltr'><strong>oruscurun</strong></span> 
     </span>
    </p>
   </div>
   <div class='ocr_carea' id='block_1_2' title="bbox 368 677 1898 1379">
    <p class='ocr_par' dir='ltr' id='par_1_2' title="bbox 368 677 1898 1379">
     <span class='ocr_line' id='line_1_2' title="bbox 623 677 1893 802; baseline 0.006 -38"><span class='ocrx_word' id='word_1_3' title='bbox 623 679 813 764; x_wconf 82' lang='lat' dir='ltr'><strong>carebat.</strong></span> <span class='ocrx_word' id='word_1_4' title='bbox 848 681 982 796; x_wconf 79' lang='lat' dir='ltr'><strong>Quem</strong></span> <span class='ocrx_word' id='word_1_5' title='bbox 1004 677 1181 768; x_wconf 78' lang='lat' dir='ltr'><strong>Romam</strong></span> <span class='ocrx_word' id='word_1_6' title='bbox 1210 683 1452 775; x_wconf 71' lang='lat' dir='ltr'><strong>redudlurn2</strong></span> <span class='ocrx_word' id='word_1_7' title='bbox 1484 681 1534 768; x_wconf 87' lang='lat' dir='ltr'><strong>ad</strong></span> <span class='ocrx_word' id='word_1_8' title='bbox 1569 679 1657 766; x_wconf 85' lang='lat' dir='ltr'><strong>suos</strong></span> <span class='ocrx_word' id='word_1_9' title='bbox 1674 679 1893 802; x_wconf 80' lang='lat' dir='ltr'><strong>Neapolim</strong></span> 
     </span>
     <span class='ocr_line' id='line_1_3' title="bbox 623 793 1424 887; baseline 0.01 -7"><span class='ocrx_word' id='word_1_10' title='bbox 623 793 819 882; x_wconf 75' lang='lat' dir='ltr'><strong>transmisi</strong></span> <span class='ocrx_word' id='word_1_11' title='bbox 832 793 977 878; x_wconf 87' lang='lat' dir='ltr'><strong>deinde</strong></span> <span class='ocrx_word' id='word_1_12' title='bbox 993 797 1235 886; x_wconf 86' lang='lat' dir='ltr'><strong>incolumem</strong></span> <span class='ocrx_word' id='word_1_13' title='bbox 1254 867 1263 887; x_wconf 91' lang='lat'><strong>.</strong></span> <span class='ocrx_word' id='word_1_14' title='bbox 1401 795 1424 863; x_wconf 55' lang='grc' dir='ltr'><em>ἶ</em></span> 
     </span>
     <span class='ocr_line' id='line_1_4' title="bbox 369 912 1893 1031; baseline -0.001 -28"><span class='ocrx_word' id='word_1_15' title='bbox 369 945 599 1010; x_wconf 58' lang='lat' dir='ltr'><strong>ornaturum</strong></span> <span class='ocrx_word' id='word_1_16' title='bbox 687 935 781 1014; x_wconf 75' lang='lat'>105.</span> <span class='ocrx_word' id='word_1_17' title='bbox 842 912 1141 1026; x_wconf 84' lang='lat' dir='ltr'>Ingravescente</span> <span class='ocrx_word' id='word_1_18' title='bbox 1173 919 1300 1031; x_wconf 88' lang='lat' dir='ltr'><strong>igitur</strong></span> <span class='ocrx_word' id='word_1_19' title='bbox 1317 915 1457 1010; x_wconf 89' lang='lat' dir='ltr'><strong>malo,</strong></span> <span class='ocrx_word' id='word_1_20' title='bbox 1488 914 1706 1004; x_wconf 86' lang='lat' dir='ltr'><strong>&amp;Tiberis</strong></span> <span class='ocrx_word' id='word_1_21' title='bbox 1732 941 1893 1007; x_wconf 88' lang='lat' dir='ltr'><strong>tumore</strong></span> 
     </span>
     <span class='ocr_line' id='line_1_5' title="bbox 368 1025 1898 1162; baseline 0.005 -50"><span class='ocrx_word' id='word_1_22' title='bbox 368 1025 603 1162; x_wconf 52' lang='lat' dir='ltr'><strong>¹¹¹⁵ff¹¹³s²¹bffi</strong></span> <span class='ocrx_word' id='word_1_23' title='bbox 622 1025 842 1115; x_wconf 85' lang='lat' dir='ltr'><strong>obfirmato</strong></span> <span class='ocrx_word' id='word_1_24' title='bbox 859 1085 871 1119; x_wconf 84' lang='lat'>‚</span> <span class='ocrx_word' id='word_1_25' title='bbox 886 1035 937 1118; x_wconf 90' lang='lat' dir='ltr'><strong>de</strong></span> <span class='ocrx_word' id='word_1_26' title='bbox 953 1034 1103 1119; x_wconf 89' lang='lat' dir='ltr'><strong>nuncio</strong></span> <span class='ocrx_word' id='word_1_27' title='bbox 1116 1037 1293 1120; x_wconf 85' lang='lat' dir='ltr'>Romam</span> <span class='ocrx_word' id='word_1_28' title='bbox 1319 1033 1522 1118; x_wconf 89' lang='lat' dir='ltr'><strong>mittendo</strong></span> <span class='ocrx_word' id='word_1_29' title='bbox 1537 1063 1608 1150; x_wconf 88' lang='lat' dir='ltr'><strong>per</strong></span> <span class='ocrx_word' id='word_1_30' title='bbox 1622 1032 1765 1120; x_wconf 84' lang='lat' dir='ltr'><strong>affusos</strong></span> <span class='ocrx_word' id='word_1_31' title='bbox 1788 1062 1898 1120; x_wconf 88' lang='lat' dir='ltr'><strong>cam·</strong></span> 
     </span>
     <span class='ocr_line' id='line_1_6' title="bbox 368 1126 1898 1262; baseline 0.005 -36"><span class='ocrx_word' id='word_1_32' title='bbox 368 1127 438 1165; x_wconf 57' lang='grc' dir='ltr'><strong>Μ’</strong></span> <span class='ocrx_word' id='word_1_33' title='bbox 468 1126 483 1162; x_wconf 82' lang='grc'><strong>“</strong></span> <span class='ocrx_word' id='word_1_34' title='bbox 594 1135 728 1261; x_wconf 68' lang='lat' dir='ltr'><strong>poe,</strong></span> <span class='ocrx_word' id='word_1_35' title='bbox 759 1171 886 1257; x_wconf 89' lang='lat' dir='ltr'><strong>neque</strong></span> <span class='ocrx_word' id='word_1_36' title='bbox 901 1151 1008 1234; x_wconf 87' lang='lat' dir='ltr'><strong>enim</strong></span> <span class='ocrx_word' id='word_1_37' title='bbox 1023 1170 1167 1235; x_wconf 84' lang='lat' dir='ltr'><strong>contra</strong></span> <span class='ocrx_word' id='word_1_38' title='bbox 1191 1150 1365 1238; x_wconf 88' lang='lat' dir='ltr'><strong>fluminis</strong></span> <span class='ocrx_word' id='word_1_39' title='bbox 1381 1153 1581 1262; x_wconf 88' lang='lat' dir='ltr'><strong>impeturn</strong></span> <span class='ocrx_word' id='word_1_40' title='bbox 1595 1149 1745 1238; x_wconf 75' lang='lat' dir='ltr'><strong>licebat</strong></span> <span class='ocrx_word' id='word_1_41' title='bbox 1761 1150 1898 1237; x_wconf 87' lang='lat' dir='ltr'><strong>ascen·</strong></span> 
     </span>
     <span class='ocr_line' id='line_1_7' title="bbox 622 1259 1897 1379; baseline 0.008 -31"><span class='ocrx_word' id='word_1_42' title='bbox 622 1263 743 1351; x_wconf 79' lang='lat' dir='ltr'><strong>dere,</strong></span> <span class='ocrx_word' id='word_1_43' title='bbox 775 1259 846 1346; x_wconf 90' lang='lat' dir='ltr'><strong>diu</strong></span> <span class='ocrx_word' id='word_1_44' title='bbox 874 1259 1176 1356; x_wconf 80' lang='lat' dir='ltr'><strong>consultatum,</strong></span> <span class='ocrx_word' id='word_1_45' title='bbox 1208 1297 1254 1352; x_wconf 84' lang='lat' dir='ltr'><strong>ac</strong></span> <span class='ocrx_word' id='word_1_46' title='bbox 1281 1268 1444 1354; x_wconf 91' lang='lat' dir='ltr'><strong>demum</strong></span> <span class='ocrx_word' id='word_1_47' title='bbox 1466 1295 1570 1379; x_wconf 84' lang='lat' dir='ltr'><strong>aegre</strong></span> <span class='ocrx_word' id='word_1_48' title='bbox 1597 1271 1782 1355; x_wconf 86' lang='lat' dir='ltr'><strong>inventus</strong></span> <span class='ocrx_word' id='word_1_49' title='bbox 1809 1269 1897 1358; x_wconf 75' lang='lat' dir='ltr'><strong>est·</strong></span> 
     </span>
    </p>
   </div>
   <div class='ocr_carea' id='block_1_3' title="bbox 624 1377 1897 1496">
    <p class='ocr_par' dir='ltr' id='par_1_3' title="bbox 624 1377 1897 1496">
     <span class='ocr_line' id='line_1_8' title="bbox 624 1377 1897 1496; baseline 0.003 -32"><span class='ocrx_word' id='word_1_50' title='bbox 624 1380 695 1493; x_wconf 89' lang='lat' dir='ltr'><strong>qui</strong></span> <span class='ocrx_word' id='word_1_51' title='bbox 721 1377 898 1465; x_wconf 87' lang='lat' dir='ltr'><strong>cimbula</strong></span> <span class='ocrx_word' id='word_1_52' title='bbox 921 1382 1065 1496; x_wconf 82' lang='lat' dir='ltr'><strong>exigua</strong></span> <span class='ocrx_word' id='word_1_53' title='bbox 1088 1387 1224 1470; x_wconf 76' lang='lat' dir='ltr'><strong>vectus</strong></span> <span class='ocrx_word' id='word_1_54' title='bbox 1242 1415 1335 1472; x_wconf 89' lang='lat' dir='ltr'><strong>cum</strong></span> <span class='ocrx_word' id='word_1_55' title='bbox 1358 1386 1460 1472; x_wconf 75' lang='lat' dir='ltr'><strong>binis</strong></span> <span class='ocrx_word' id='word_1_56' title='bbox 1488 1387 1704 1496; x_wconf 85' lang='lat' dir='ltr'><strong>remigibus</strong></span> <span class='ocrx_word' id='word_1_57' title='bbox 1735 1405 1897 1470; x_wconf 89' lang='lat' dir='ltr'><strong>tantum</strong></span> 
     </span>
    </p>
   </div>
   <div class='ocr_carea' id='block_1_4' title="bbox 625 1495 2035 1616">
    <p class='ocr_par' dir='ltr' id='par_1_4' title="bbox 625 1495 2035 1616">
     <span class='ocr_line' id='line_1_9' title="bbox 625 1495 2035 1616; baseline 0 -32"><span class='ocrx_word' id='word_1_58' title='bbox 625 1499 755 1584; x_wconf 83' lang='lat' dir='ltr'><strong>adiret</strong></span> <span class='ocrx_word' id='word_1_59' title='bbox 771 1495 944 1611; x_wconf 84' lang='lat' dir='ltr'><strong>periculi</strong></span> <span class='ocrx_word' id='word_1_60' title='bbox 961 1556 974 1591; x_wconf 92' lang='lat'>‚</span> <span class='ocrx_word' id='word_1_61' title='bbox 1002 1499 1074 1612; x_wconf 90' lang='lat' dir='ltr'><strong>qui</strong></span> <span class='ocrx_word' id='word_1_62' title='bbox 1090 1497 1254 1611; x_wconf 85' lang='lat' dir='ltr'><strong>quidem</strong></span> <span class='ocrx_word' id='word_1_63' title='bbox 1267 1506 1336 1591; x_wconf 85' lang='lat' dir='ltr'><strong>vix</strong></span> <span class='ocrx_word' id='word_1_64' title='bbox 1363 1506 1528 1616; x_wconf 89' lang='lat' dir='ltr'><strong>integro</strong></span> <span class='ocrx_word' id='word_1_65' title='bbox 1545 1503 1611 1586; x_wconf 90' lang='lat' dir='ltr'><strong>die</strong></span> <span class='ocrx_word' id='word_1_66' title='bbox 1627 1529 1698 1614; x_wconf 85' lang='lat' dir='ltr'><strong>per</strong></span> <span class='ocrx_word' id='word_1_67' title='bbox 1719 1505 1898 1614; x_wconf 89' lang='lat' dir='ltr'><strong>quinque</strong></span> <span class='ocrx_word' id='word_1_68' title='bbox 2031 1515 2035 1522; x_wconf 86' lang='lat'>&#39;</span> 
     </span>
    </p>
   </div>
   <div class='ocr_carea' id='block_1_5' title="bbox 388 1612 1916 4777">
    <p class='ocr_par' dir='ltr' id='par_1_5' title="bbox 626 1612 1910 1749">
     <span class='ocr_line' id='line_1_10' title="bbox 626 1612 1910 1749; baseline -0.003 -47"><span class='ocrx_word' id='word_1_69' title='bbox 626 1613 815 1702; x_wconf 89' lang='lat' dir='ltr'><strong>milliaria</strong></span> <span class='ocrx_word' id='word_1_70' title='bbox 826 1612 875 1698; x_wconf 86' lang='lat' dir='ltr'><strong>ad</strong></span> <span class='ocrx_word' id='word_1_71' title='bbox 902 1617 1248 1749; x_wconf 83' lang='lat' dir='ltr'><strong>proximotevafit</strong></span> <span class='ocrx_word' id='word_1_72' title='bbox 1274 1615 1427 1708; x_wconf 83' lang='lat' dir='ltr'><strong>colles,</strong></span> <span class='ocrx_word' id='word_1_73' title='bbox 1453 1619 1559 1704; x_wconf 87' lang='lat' dir='ltr'><strong>unde</strong></span> <span class='ocrx_word' id='word_1_74' title='bbox 1574 1622 1751 1706; x_wconf 84' lang='lat' dir='ltr'><strong>Romam</strong></span> <span class='ocrx_word' id='word_1_75' title='bbox 1763 1621 1910 1723; x_wconf 86' lang='lat' dir='ltr'><strong>citato¹</strong></span> 
     </span>
    </p>

    <p class='ocr_par' dir='ltr' id='par_1_6' title="bbox 627 1729 1900 1848">
     <span class='ocr_line' id='line_1_11' title="bbox 627 1729 1900 1848; baseline 0.002 -32"><span class='ocrx_word' id='word_1_76' title='bbox 627 1729 744 1818; x_wconf 89' lang='lat' dir='ltr'><strong>cursu</strong></span> <span class='ocrx_word' id='word_1_77' title='bbox 762 1753 965 1846; x_wconf 85' lang='lat' dir='ltr'><strong>perrexrt.</strong></span> <span class='ocrx_word' id='word_1_78' title='bbox 996 1738 1149 1820; x_wconf 86' lang='lat' dir='ltr'><strong>Verum</strong></span> <span class='ocrx_word' id='word_1_79' title='bbox 1173 1737 1255 1842; x_wconf 89' lang='lat' dir='ltr'><strong>jam</strong></span> <span class='ocrx_word' id='word_1_80' title='bbox 1273 1760 1322 1820; x_wconf 83' lang='lat' dir='ltr'><strong>ex</strong></span> <span class='ocrx_word' id='word_1_81' title='bbox 1336 1739 1445 1821; x_wconf 87' lang='lat' dir='ltr'><strong>Urbe</strong></span> <span class='ocrx_word' id='word_1_82' title='bbox 1469 1737 1723 1848; x_wconf 79' lang='lat' dir='ltr'><strong>Magistratus</strong></span> <span class='ocrx_word' id='word_1_83' title='bbox 1748 1736 1797 1818; x_wconf 89' lang='lat' dir='ltr'><strong>de</strong></span> <span class='ocrx_word' id='word_1_84' title='bbox 1825 1763 1900 1820; x_wconf 91' lang='lat' dir='ltr'><strong>no·</strong></span> 
     </span>
    </p>

    <p class='ocr_par' dir='ltr' id='par_1_7' title="bbox 627 1846 1899 1964">
     <span class='ocr_line' id='line_1_12' title="bbox 627 1846 1899 1964; baseline -0.002 -30"><span class='ocrx_word' id='word_1_85' title='bbox 627 1855 719 1942; x_wconf 87' lang='lat' dir='ltr'><strong>bis,</strong></span> <span class='ocrx_word' id='word_1_86' title='bbox 752 1849 801 1930; x_wconf 89' lang='lat' dir='ltr'><strong>de</strong></span> <span class='ocrx_word' id='word_1_87' title='bbox 819 1847 1049 1939; x_wconf 74' lang='lat' dir='ltr'><strong>militibus,</strong></span> <span class='ocrx_word' id='word_1_88' title='bbox 1081 1851 1131 1935; x_wconf 89' lang='lat' dir='ltr'><strong>de</strong></span> <span class='ocrx_word' id='word_1_89' title='bbox 1157 1873 1273 1936; x_wconf 85' lang='lat' dir='ltr'><strong>tanta</strong></span> <span class='ocrx_word' id='word_1_90' title='bbox 1296 1855 1466 1964; x_wconf 87' lang='lat' dir='ltr'><strong>inopum</strong></span> <span class='ocrx_word' id='word_1_91' title='bbox 1498 1855 1616 1937; x_wconf 87' lang='lat' dir='ltr'><strong>turba</strong></span> <span class='ocrx_word' id='word_1_92' title='bbox 1643 1846 1810 1936; x_wconf 87' lang='lat' dir='ltr'><strong>solliciti</strong></span> <span class='ocrx_word' id='word_1_93' title='bbox 1840 1852 1899 1932; x_wconf 87' lang='lat' dir='ltr'><strong>in-</strong></span> 
     </span>
    </p>

    <p class='ocr_par' dir='ltr' id='par_1_8' title="bbox 627 1965 1897 2084">
     <span class='ocr_line' id='line_1_13' title="bbox 627 1965 1897 2084; baseline -0.002 -32"><span class='ocrx_word' id='word_1_94' title='bbox 627 1989 792 2084; x_wconf 82' lang='lat' dir='ltr'><strong>gentem</strong></span> <span class='ocrx_word' id='word_1_95' title='bbox 818 1979 984 2051; x_wconf 84' lang='lat' dir='ltr'><strong>annon&#39;ae</strong></span> <span class='ocrx_word' id='word_1_96' title='bbox 1012 1968 1097 2052; x_wconf 86' lang='lat' dir='ltr'><strong>vim</strong></span> <span class='ocrx_word' id='word_1_97' title='bbox 1127 1965 1319 2052; x_wconf 80' lang='lat' dir='ltr'><strong>validiori</strong></span> <span class='ocrx_word' id='word_1_98' title='bbox 1345 1974 1438 2052; x_wconf 84' lang='lat' dir='ltr'><strong>navi</strong></span> <span class='ocrx_word' id='word_1_99' title='bbox 1463 1965 1691 2080; x_wconf 87' lang='lat' dir='ltr'><strong>impofiram</strong></span> <span class='ocrx_word' id='word_1_100' title='bbox 1721 1965 1897 2054; x_wconf 84' lang='lat' dir='ltr'><strong>secundo</strong></span> 
     </span>
    </p>

    <p class='ocr_par' dir='ltr' id='par_1_9' title="bbox 630 2077 1902 2196">
     <span class='ocr_line' id='line_1_14' title="bbox 630 2077 1902 2196; baseline -0.006 -23"><span class='ocrx_word' id='word_1_101' title='bbox 630 2085 760 2173; x_wconf 85' lang='lat' dir='ltr'><strong>lluvio</strong></span> <span class='ocrx_word' id='word_1_102' title='bbox 774 2077 1045 2171; x_wconf 76' lang='lat' dir='ltr'><strong>demiserunt,</strong></span> <span class='ocrx_word' id='word_1_103' title='bbox 1076 2108 1163 2194; x_wconf 84' lang='lat' dir='ltr'><strong>quae</strong></span> <span class='ocrx_word' id='word_1_104' title='bbox 1188 2085 1353 2196; x_wconf 86' lang='lat' dir='ltr'><strong>quidem</strong></span> <span class='ocrx_word' id='word_1_105' title='bbox 1377 2085 1428 2168; x_wconf 88' lang='lat' dir='ltr'><strong>ad</strong></span> <span class='ocrx_word' id='word_1_106' title='bbox 1456 2105 1676 2170; x_wconf 83' lang='lat' dir='ltr'><strong>extremam</strong></span> <span class='ocrx_word' id='word_1_107' title='bbox 1699 2083 1902 2168; x_wconf 71' lang='lat' dir='ltr'><strong>neceffita-</strong></span> 
     </span>
    </p>

    <p class='ocr_par' dir='ltr' id='par_1_10' title="bbox 635 2196 1899 2311">
     <span class='ocr_line' id='line_1_15' title="bbox 635 2196 1899 2311; baseline -0.005 -23"><span class='ocrx_word' id='word_1_108' title='bbox 635 2226 720 2288; x_wconf 91' lang='lat' dir='ltr'><strong>tern</strong></span> <span class='ocrx_word' id='word_1_109' title='bbox 746 2197 928 2286; x_wconf 80' lang='lat' dir='ltr'><strong>addud&#39;tis</strong></span> <span class='ocrx_word' id='word_1_110' title='bbox 952 2219 1262 2311; x_wconf 82' lang='lat' dir='ltr'><strong>peropportune</strong></span> <span class='ocrx_word' id='word_1_111' title='bbox 1295 2200 1553 2291; x_wconf 69' lang='lat' dir='ltr'><strong>advectam,</strong></span> <span class='ocrx_word' id='word_1_112' title='bbox 1582 2229 1657 2286; x_wconf 88' lang='lat' dir='ltr'><strong>nec</strong></span> <span class='ocrx_word' id='word_1_113' title='bbox 1684 2207 1741 2286; x_wconf 88' lang='lat' dir='ltr'><strong>ita</strong></span> <span class='ocrx_word' id='word_1_114' title='bbox 1766 2196 1899 2284; x_wconf 90' lang='lat' dir='ltr'><strong>multo</strong></span> 
     </span>
    </p>

    <p class='ocr_par' dir='ltr' id='par_1_11' title="bbox 634 2312 1903 2523">
     <span class='ocr_line' id='line_1_16' title="bbox 634 2312 1903 2435; baseline -0.004 -32"><span class='ocrx_word' id='word_1_115' title='bbox 634 2319 726 2435; x_wconf 89' lang='lat' dir='ltr'><strong>post</strong></span> <span class='ocrx_word' id='word_1_116' title='bbox 743 2317 938 2404; x_wconf 84' lang='lat' dir='ltr'><strong>undarum</strong></span> <span class='ocrx_word' id='word_1_117' title='bbox 962 2312 1111 2401; x_wconf 87' lang='lat' dir='ltr'><strong>resedit</strong></span> <span class='ocrx_word' id='word_1_118' title='bbox 1128 2314 1268 2411; x_wconf 85' lang='lat' dir='ltr'><strong>furor,</strong></span> <span class='ocrx_word' id='word_1_119' title='bbox 1293 2319 1339 2404; x_wconf 74' lang='grc' dir='ltr'><strong>δε</strong></span> <span class='ocrx_word' id='word_1_120' title='bbox 1351 2316 1497 2432; x_wconf 81' lang='lat' dir='ltr'><strong>Tybris</strong></span> <span class='ocrx_word' id='word_1_121' title='bbox 1513 2314 1629 2402; x_wconf 82' lang='lat' dir='ltr'><strong>alveo</strong></span> <span class='ocrx_word' id='word_1_122' title='bbox 1655 2313 1733 2402; x_wconf 86' lang='lat' dir='ltr'><strong>sese</strong></span> <span class='ocrx_word' id='word_1_123' title='bbox 1749 2314 1821 2401; x_wconf 92' lang='lat' dir='ltr'><strong>suo</strong></span> <span class='ocrx_word' id='word_1_124' title='bbox 1839 2341 1903 2398; x_wconf 85' lang='lat' dir='ltr'><strong>re·</strong></span> 
     </span>
     <span class='ocr_line' id='line_1_17' title="bbox 637 2436 1050 2523; baseline -0.022 0"><span class='ocrx_word' id='word_1_125' title='bbox 637 2436 793 2523; x_wconf 85' lang='lat' dir='ltr'><strong>stituit.</strong></span> <span class='ocrx_word' id='word_1_126' title='bbox 1044 2439 1050 2456; x_wconf 92' lang='lat'>&#39;</span> 
     </span>
    </p>

    <p class='ocr_par' dir='ltr' id='par_1_12' title="bbox 388 2550 1904 2670">
     <span class='ocr_line' id='line_1_18' title="bbox 388 2550 1904 2670; baseline -0.002 -34"><span class='ocrx_word' id='word_1_127' title='bbox 388 2605 458 2660; x_wconf 53' lang='lat' dir='ltr'><strong>vg„</strong></span> <span class='ocrx_word' id='word_1_128' title='bbox 471 2603 618 2658; x_wconf 49' lang='lat' dir='ltr'><strong>mem..</strong></span> <span class='ocrx_word' id='word_1_129' title='bbox 702 2564 793 2637; x_wconf 83' lang='lat' dir='ltr'><strong>roo.</strong></span> <span class='ocrx_word' id='word_1_130' title='bbox 853 2559 928 2642; x_wconf 87' lang='lat' dir='ltr'><strong>Per</strong></span> <span class='ocrx_word' id='word_1_131' title='bbox 943 2585 1010 2644; x_wconf 87' lang='lat' dir='ltr'><strong>eos</strong></span> <span class='ocrx_word' id='word_1_132' title='bbox 1024 2579 1156 2645; x_wconf 87' lang='lat' dir='ltr'><strong>autem</strong></span> <span class='ocrx_word' id='word_1_133' title='bbox 1170 2557 1256 2645; x_wconf 85' lang='lat' dir='ltr'><strong>dier</strong></span> <span class='ocrx_word' id='word_1_134' title='bbox 1281 2555 1398 2644; x_wconf 87' lang='lat' dir='ltr'><strong>nobis</strong></span> <span class='ocrx_word' id='word_1_135' title='bbox 1413 2551 1762 2670; x_wconf 80' lang='lat' dir='ltr'><strong>prosped&#39;tantibus</strong></span> <span class='ocrx_word' id='word_1_136' title='bbox 1777 2550 1904 2639; x_wconf 80' lang='lat' dir='ltr'><strong>molar</strong></span> 
     </span>
    </p>

    <p class='ocr_par' dir='ltr' id='par_1_13' title="bbox 388 2671 1905 2790">
     <span class='ocr_line' id='line_1_19' title="bbox 388 2671 1905 2790; baseline 0.001 -36"><span class='ocrx_word' id='word_1_137' title='bbox 388 2679 620 2760; x_wconf 53' lang='lat' dir='ltr'><strong>ulvarum·</strong></span> <span class='ocrx_word' id='word_1_138' title='bbox 639 2699 780 2763; x_wconf 76' lang='lat' dir='ltr'><strong>omnen</strong></span> <span class='ocrx_word' id='word_1_139' title='bbox 810 2673 862 2757; x_wconf 85' lang='lat' dir='ltr'><strong>ad</strong></span> <span class='ocrx_word' id='word_1_140' title='bbox 880 2673 1026 2762; x_wconf 85' lang='lat' dir='ltr'><strong>ollium</strong></span> <span class='ocrx_word' id='word_1_141' title='bbox 1053 2673 1182 2790; x_wconf 91' lang='lat' dir='ltr'><strong>ipsum</strong></span> <span class='ocrx_word' id='word_1_142' title='bbox 1210 2677 1365 2790; x_wconf 89' lang='lat' dir='ltr'><strong>ingenti</strong></span> <span class='ocrx_word' id='word_1_143' title='bbox 1393 2672 1529 2763; x_wconf 79' lang='lat' dir='ltr'><strong>vallo,</strong></span> <span class='ocrx_word' id='word_1_144' title='bbox 1559 2671 1810 2760; x_wconf 84' lang='lat' dir='ltr'><strong>&amp;tabulatis</strong></span> <span class='ocrx_word' id='word_1_145' title='bbox 1835 2693 1905 2755; x_wconf 82' lang='lat' dir='ltr'><strong>ex·</strong></span> 
     </span>
    </p>

    <p class='ocr_par' dir='ltr' id='par_1_14' title="bbox 636 2789 1905 2904">
     <span class='ocr_line' id='line_1_20' title="bbox 636 2789 1905 2904; baseline -0.008 -27"><span class='ocrx_word' id='word_1_146' title='bbox 636 2795 779 2878; x_wconf 75' lang='lat' dir='ltr'><strong>trudlae</strong></span> <span class='ocrx_word' id='word_1_147' title='bbox 796 2789 919 2884; x_wconf 85' lang='lat' dir='ltr'><strong>hinc,</strong></span> <span class='ocrx_word' id='word_1_148' title='bbox 950 2793 995 2877; x_wconf 76' lang='lat' dir='ltr'><strong>dc</strong></span> <span class='ocrx_word' id='word_1_149' title='bbox 1010 2793 1101 2877; x_wconf 91' lang='lat' dir='ltr'><strong>inde</strong></span> <span class='ocrx_word' id='word_1_150' title='bbox 1127 2795 1177 2880; x_wconf 83' lang='lat' dir='ltr'><strong>ab</strong></span> <span class='ocrx_word' id='word_1_151' title='bbox 1200 2793 1325 2880; x_wconf 82' lang='lat' dir='ltr'><strong>amnis</strong></span> <span class='ocrx_word' id='word_1_152' title='bbox 1344 2791 1484 2883; x_wconf 86' lang='lat' dir='ltr'><strong>alveo,</strong></span> <span class='ocrx_word' id='word_1_153' title='bbox 1515 2818 1610 2903; x_wconf 90' lang='lat' dir='ltr'><strong>quas</strong></span> <span class='ocrx_word' id='word_1_154' title='bbox 1627 2793 1765 2904; x_wconf 87' lang='lat' dir='ltr'><strong>priora</strong></span> <span class='ocrx_word' id='word_1_155' title='bbox 1781 2811 1905 2873; x_wconf 83' lang='lat' dir='ltr'><strong>exun-</strong></span> 
     </span>
    </p>

    <p class='ocr_par' dir='ltr' id='par_1_15' title="bbox 638 2904 1907 3003">
     <span class='ocr_line' id='line_1_21' title="bbox 638 2904 1907 3003; baseline -0.008 -7"><span class='ocrx_word' id='word_1_156' title='bbox 638 2909 805 2996; x_wconf 82' lang='lat' dir='ltr'><strong>datione</strong></span> <span class='ocrx_word' id='word_1_157' title='bbox 822 2911 1008 2992; x_wconf 86' lang='lat' dir='ltr'><strong>Romana</strong></span> <span class='ocrx_word' id='word_1_158' title='bbox 1024 2907 1281 2997; x_wconf 68' lang='lat' dir='ltr'><strong>labefactatas</strong></span> <span class='ocrx_word' id='word_1_159' title='bbox 1297 2908 1500 3003; x_wconf 83' lang='lat' dir='ltr'><strong>diximus,</strong></span> <span class='ocrx_word' id='word_1_160' title='bbox 1530 2904 1730 2992; x_wconf 83' lang='lat' dir='ltr'><strong>convulsae</strong></span> <span class='ocrx_word' id='word_1_161' title='bbox 1748 2959 1762 2996; x_wconf 87' lang='lat'>,</span> <span class='ocrx_word' id='word_1_162' title='bbox 1794 2907 1841 2988; x_wconf 76' lang='grc' dir='ltr'><strong>δι</strong></span> <span class='ocrx_word' id='word_1_163' title='bbox 1854 2925 1907 2986; x_wconf 82' lang='lat' dir='ltr'><strong>ex</strong></span> 
     </span>
    </p>

    <p class='ocr_par' dir='ltr' id='par_1_16' title="bbox 638 3020 1903 3141">
     <span class='ocr_line' id='line_1_22' title="bbox 638 3020 1903 3141; baseline -0.007 -28"><span class='ocrx_word' id='word_1_164' title='bbox 638 3028 767 3113; x_wconf 84' lang='lat' dir='ltr'><strong>altera</strong></span> <span class='ocrx_word' id='word_1_165' title='bbox 780 3049 897 3141; x_wconf 85' lang='lat' dir='ltr'><strong>parte</strong></span> <span class='ocrx_word' id='word_1_166' title='bbox 953 3027 1084 3112; x_wconf 85' lang='lat' dir='ltr'><strong>enitut</strong></span> <span class='ocrx_word' id='word_1_167' title='bbox 1099 3028 1141 3110; x_wconf 89' lang='lat' dir='ltr'><strong>in</strong></span> <span class='ocrx_word' id='word_1_168' title='bbox 1166 3055 1276 3112; x_wconf 84' lang='lat' dir='ltr'><strong>mare</strong></span> <span class='ocrx_word' id='word_1_169' title='bbox 1292 3023 1418 3112; x_wconf 79' lang='lat' dir='ltr'><strong>illane</strong></span> <span class='ocrx_word' id='word_1_170' title='bbox 1442 3021 1562 3114; x_wconf 80' lang='lat' dir='ltr'><strong>sunt,</strong></span> <span class='ocrx_word' id='word_1_171' title='bbox 1594 3027 1640 3110; x_wconf 76' lang='grc' dir='ltr'><strong>δε</strong></span> <span class='ocrx_word' id='word_1_172' title='bbox 1656 3020 1903 3110; x_wconf 60' lang='lat' dir='ltr'><strong>conflicta,</strong></span> 
     </span>
    </p>

    <p class='ocr_par' dir='ltr' id='par_1_17' title="bbox 637 3053 1907 3259">
     <span class='ocr_line' id='line_1_23' title="bbox 637 3053 1907 3259; baseline -0.01 -29"><span class='ocrx_word' id='word_1_173' title='bbox 637 3172 687 3236; x_wconf 82' lang='lat' dir='ltr'><strong>ex</strong></span> <span class='ocrx_word' id='word_1_174' title='bbox 703 3142 830 3228; x_wconf 88' lang='lat' dir='ltr'><strong>altera</strong></span> <span class='ocrx_word' id='word_1_175' title='bbox 853 3053 1087 3239; x_wconf 83' lang='lat' dir='ltr'><strong>inclinatae,</strong></span> <span class='ocrx_word' id='word_1_176' title='bbox 1116 3143 1399 3259; x_wconf 72' lang='lat' dir='ltr'><strong>prostrataque</strong></span> <span class='ocrx_word' id='word_1_177' title='bbox 1427 3143 1510 3235; x_wconf 83' lang='lat' dir='ltr'><strong>ita,</strong></span> <span class='ocrx_word' id='word_1_178' title='bbox 1536 3159 1583 3226; x_wconf 88' lang='lat' dir='ltr'><strong>ut</strong></span> <span class='ocrx_word' id='word_1_179' title='bbox 1608 3136 1709 3225; x_wconf 91' lang='lat' dir='ltr'><strong>nulli</strong></span> <span class='ocrx_word' id='word_1_180' title='bbox 1724 3136 1810 3224; x_wconf 89' lang='lat' dir='ltr'><strong>usui</strong></span> <span class='ocrx_word' id='word_1_181' title='bbox 1824 3136 1907 3242; x_wconf 88' lang='lat' dir='ltr'><strong>jam</strong></span> 
     </span>
    </p>

    <p class='ocr_par' dir='ltr' id='par_1_18' title="bbox 639 3251 1908 3372">
     <span class='ocr_line' id='line_1_24' title="bbox 639 3251 1908 3372; baseline -0.015 -22"><span class='ocrx_word' id='word_1_182' title='bbox 639 3257 715 3350; x_wconf 85' lang='lat' dir='ltr'><strong>else</strong></span> <span class='ocrx_word' id='word_1_183' title='bbox 731 3256 915 3371; x_wconf 74' lang='lat' dir='ltr'><strong>poliente</strong></span> <span class='ocrx_word' id='word_1_184' title='bbox 948 3287 1082 3348; x_wconf 85' lang='lat' dir='ltr'><strong>acuna</strong></span> <span class='ocrx_word' id='word_1_185' title='bbox 1106 3287 1157 3345; x_wconf 85' lang='lat' dir='ltr'><strong>ex</strong></span> <span class='ocrx_word' id='word_1_186' title='bbox 1177 3261 1228 3344; x_wconf 85' lang='lat' dir='ltr'><strong>iis</strong></span> <span class='ocrx_word' id='word_1_187' title='bbox 1244 3261 1433 3347; x_wconf 75' lang='lat' dir='ltr'><strong>nodlibut</strong></span> <span class='ocrx_word' id='word_1_188' title='bbox 1460 3285 1601 3372; x_wconf 87' lang='lat' dir='ltr'><strong>parurn</strong></span> <span class='ocrx_word' id='word_1_189' title='bbox 1618 3254 1776 3349; x_wconf 85' lang='lat' dir='ltr'><strong>abfuit,</strong></span> <span class='ocrx_word' id='word_1_190' title='bbox 1807 3251 1908 3368; x_wconf 90' lang='lat' dir='ltr'><strong>quin</strong></span> 
     </span>
    </p>

    <p class='ocr_par' dir='ltr' id='par_1_19' title="bbox 639 3369 1910 3492">
     <span class='ocr_line' id='line_1_25' title="bbox 639 3369 1910 3492; baseline -0.009 -32"><span class='ocrx_word' id='word_1_191' title='bbox 639 3373 839 3492; x_wconf 89' lang='lat' dir='ltr'><strong>quidquid</strong></span> <span class='ocrx_word' id='word_1_192' title='bbox 854 3372 992 3461; x_wconf 86' lang='lat' dir='ltr'><strong>aderat</strong></span> <span class='ocrx_word' id='word_1_193' title='bbox 1018 3375 1291 3463; x_wconf 84' lang='lat' dir='ltr'><strong>onerariarum</strong></span> <span class='ocrx_word' id='word_1_194' title='bbox 1308 3373 1455 3492; x_wconf 88' lang='lat' dir='ltr'><strong>inipso</strong></span> <span class='ocrx_word' id='word_1_195' title='bbox 1481 3373 1655 3462; x_wconf 88' lang='lat' dir='ltr'><strong>fluminis</strong></span> <span class='ocrx_word' id='word_1_196' title='bbox 1671 3375 1776 3462; x_wconf 91' lang='lat' dir='ltr'><strong>ostio</strong></span> <span class='ocrx_word' id='word_1_197' title='bbox 1800 3369 1910 3482; x_wconf 87' lang='lat' dir='ltr'><strong>peri·</strong></span> 
     </span>
    </p>

    <p class='ocr_par' dir='ltr' id='par_1_20' title="bbox 640 3481 1912 3608">
     <span class='ocr_line' id='line_1_26' title="bbox 640 3481 1912 3608; baseline -0.013 -25"><span class='ocrx_word' id='word_1_198' title='bbox 640 3517 733 3583; x_wconf 79' lang='lat' dir='ltr'><strong>ret,</strong></span> <span class='ocrx_word' id='word_1_199' title='bbox 764 3519 860 3577; x_wconf 90' lang='lat' dir='ltr'><strong>curn</strong></span> <span class='ocrx_word' id='word_1_200' title='bbox 874 3519 953 3578; x_wconf 89' lang='lat' dir='ltr'><strong>una</strong></span> <span class='ocrx_word' id='word_1_201' title='bbox 967 3517 1017 3578; x_wconf 83' lang='lat' dir='ltr'><strong>ex</strong></span> <span class='ocrx_word' id='word_1_202' title='bbox 1029 3493 1076 3577; x_wconf 89' lang='lat' dir='ltr'><strong>iis</strong></span> <span class='ocrx_word' id='word_1_203' title='bbox 1091 3488 1265 3606; x_wconf 83' lang='lat' dir='ltr'><strong>amplior</strong></span> <span class='ocrx_word' id='word_1_204' title='bbox 1277 3521 1467 3608; x_wconf 82' lang='lat' dir='ltr'><strong>aquarum</strong></span> <span class='ocrx_word' id='word_1_205' title='bbox 1482 3486 1654 3606; x_wconf 89' lang='lat' dir='ltr'><strong>impulsu</strong></span> <span class='ocrx_word' id='word_1_206' title='bbox 1667 3483 1817 3575; x_wconf 84' lang='lat' dir='ltr'><strong>alliduo</strong></span> <span class='ocrx_word' id='word_1_207' title='bbox 1830 3481 1912 3570; x_wconf 84' lang='lat' dir='ltr'><strong>val·</strong></span> 
     </span>
    </p>

    <p class='ocr_par' dir='ltr' id='par_1_21' title="bbox 640 3600 1910 3723">
     <span class='ocr_line' id='line_1_27' title="bbox 640 3600 1910 3723; baseline -0.012 -27"><span class='ocrx_word' id='word_1_208' title='bbox 640 3601 756 3704; x_wconf 89' lang='lat' dir='ltr'><strong>lum,</strong></span> <span class='ocrx_word' id='word_1_209' title='bbox 785 3611 851 3696; x_wconf 90' lang='lat' dir='ltr'><strong>cui</strong></span> <span class='ocrx_word' id='word_1_210' title='bbox 881 3607 1046 3723; x_wconf 84' lang='lat' dir='ltr'><strong>alligata</strong></span> <span class='ocrx_word' id='word_1_211' title='bbox 1075 3605 1202 3694; x_wconf 86' lang='lat' dir='ltr'><strong>suerat</strong></span> <span class='ocrx_word' id='word_1_212' title='bbox 1230 3606 1460 3694; x_wconf 86' lang='lat' dir='ltr'><strong>convellere</strong></span> <span class='ocrx_word' id='word_1_213' title='bbox 1492 3609 1573 3715; x_wconf 87' lang='lat' dir='ltr'><strong>jam</strong></span> <span class='ocrx_word' id='word_1_214' title='bbox 1601 3603 1808 3721; x_wconf 80' lang='lat' dir='ltr'><strong>caepisset,</strong></span> <span class='ocrx_word' id='word_1_215' title='bbox 1840 3600 1910 3686; x_wconf 90' lang='lat' dir='ltr'><strong>cui</strong></span> 
     </span>
    </p>

    <p class='ocr_par' dir='ltr' id='par_1_22' title="bbox 644 3722 1908 3839">
     <span class='ocr_line' id='line_1_28' title="bbox 644 3722 1908 3839; baseline -0.008 -25"><span class='ocrx_word' id='word_1_216' title='bbox 644 3723 754 3814; x_wconf 83' lang='lat' dir='ltr'><strong>malo</strong></span> <span class='ocrx_word' id='word_1_217' title='bbox 764 3753 867 3839; x_wconf 81' lang='lat' dir='ltr'><strong>aegre</strong></span> <span class='ocrx_word' id='word_1_218' title='bbox 883 3727 991 3813; x_wconf 89' lang='lat' dir='ltr'><strong>inter</strong></span> <span class='ocrx_word' id='word_1_219' title='bbox 1005 3730 1219 3812; x_wconf 73' lang='lat' dir='ltr'><strong>nocturnas</strong></span> <span class='ocrx_word' id='word_1_220' title='bbox 1234 3727 1415 3814; x_wconf 83' lang='lat' dir='ltr'><strong>tenebras</strong></span> <span class='ocrx_word' id='word_1_221' title='bbox 1428 3725 1647 3811; x_wconf 88' lang='lat' dir='ltr'><strong>remedium</strong></span> <span class='ocrx_word' id='word_1_222' title='bbox 1661 3722 1908 3810; x_wconf 83' lang='lat' dir='ltr'><strong>adhibitum.</strong></span> 
     </span>
    </p>

    <p class='ocr_par' dir='ltr' id='par_1_23' title="bbox 421 3837 1910 3959">
     <span class='ocr_line' id='line_1_29' title="bbox 421 3837 1910 3959; baseline -0.005 -26"><span class='ocrx_word' id='word_1_223' title='bbox 421 3849 541 3908; x_wconf 53' lang='grc' dir='ltr'><strong>Μ</strong></span> <span class='ocrx_word' id='word_1_224' title='bbox 557 3849 624 3908; x_wconf 65' lang='lat'><strong>‘⁶¹¹‘</strong></span> <span class='ocrx_word' id='word_1_225' title='bbox 707 3871 797 3944; x_wconf 88' lang='lat'>107.</span> <span class='ocrx_word' id='word_1_226' title='bbox 856 3847 942 3957; x_wconf 85' lang='lat' dir='ltr'><strong>Ego</strong></span> <span class='ocrx_word' id='word_1_227' title='bbox 959 3842 1121 3959; x_wconf 88' lang='lat' dir='ltr'><strong>quidem</strong></span> <span class='ocrx_word' id='word_1_228' title='bbox 1140 3841 1462 3956; x_wconf 79' lang='lat' dir='ltr'><strong>&amp;phaenomena</strong></span> <span class='ocrx_word' id='word_1_229' title='bbox 1477 3837 1910 3956; x_wconf 72' lang='lat' dir='ltr'><strong>onmiapereosdies»</strong></span> 
     </span>
    </p>

    <p class='ocr_par' dir='ltr' id='par_1_24' title="bbox 391 3929 1911 4080">
     <span class='ocr_line' id='line_1_30' title="bbox 391 3929 1911 4080; baseline -0.005 -35"><span class='ocrx_word' id='word_1_230' title='bbox 391 3929 508 4080; x_wconf 46' lang='lat' dir='ltr'><strong>iiia?</strong></span> <span class='ocrx_word' id='word_1_231' title='bbox 519 3947 625 4064; x_wconf 52' lang='lat'><strong>2212?</strong></span> <span class='ocrx_word' id='word_1_232' title='bbox 646 3966 692 4050; x_wconf 77' lang='grc' dir='ltr'><strong>δι</strong></span> <span class='ocrx_word' id='word_1_233' title='bbox 706 3959 894 4047; x_wconf 89' lang='lat' dir='ltr'><strong>locorum</strong></span> <span class='ocrx_word' id='word_1_234' title='bbox 921 3959 1041 4054; x_wconf 74' lang='lat' dir='ltr'><strong>situs,</strong></span> <span class='ocrx_word' id='word_1_235' title='bbox 1069 3955 1288 4072; x_wconf 87' lang='lat' dir='ltr'><strong>diligenter</strong></span> <span class='ocrx_word' id='word_1_236' title='bbox 1301 3961 1498 4075; x_wconf 80' lang='lat' dir='ltr'><strong>expendi,</strong></span> <span class='ocrx_word' id='word_1_237' title='bbox 1525 3989 1572 4048; x_wconf 81' lang='lat' dir='ltr'><strong>ac</strong></span> <span class='ocrx_word' id='word_1_238' title='bbox 1590 3989 1719 4048; x_wconf 88' lang='lat' dir='ltr'><strong>meam</strong></span> <span class='ocrx_word' id='word_1_239' title='bbox 1745 3956 1796 4041; x_wconf 88' lang='lat' dir='ltr'><strong>de</strong></span> <span class='ocrx_word' id='word_1_240' title='bbox 1811 3976 1911 4038; x_wconf 66' lang='lat' dir='ltr'><strong>ru</strong></span> 
     </span>
    </p>

    <p class='ocr_par' dir='ltr' id='par_1_25' title="bbox 396 4069 1913 4194">
     <span class='ocr_line' id='line_1_31' title="bbox 396 4069 1913 4194; baseline -0.015 -25"><span class='ocrx_word' id='word_1_241' title='bbox 396 4083 629 4147; x_wconf 47' lang='lat' dir='ltr'><strong>Tlst¹¹³2³¹s²¹¹e</strong></span> <span class='ocrx_word' id='word_1_242' title='bbox 646 4102 739 4167; x_wconf 88' lang='lat' dir='ltr'><strong>tota</strong></span> <span class='ocrx_word' id='word_1_243' title='bbox 752 4072 992 4163; x_wconf 86' lang='lat' dir='ltr'><strong>sententiam</strong></span> <span class='ocrx_word' id='word_1_244' title='bbox 1009 4076 1196 4190; x_wconf 87' lang='lat' dir='ltr'><strong>longiore</strong></span> <span class='ocrx_word' id='word_1_245' title='bbox 1208 4074 1365 4194; x_wconf 90' lang='lat' dir='ltr'><strong>scripto</strong></span> <span class='ocrx_word' id='word_1_246' title='bbox 1379 4081 1555 4168; x_wconf 85' lang='lat' dir='ltr'><strong>Romam</strong></span> <span class='ocrx_word' id='word_1_247' title='bbox 1567 4069 1913 4184; x_wconf 66' lang='lat' dir='ltr'><strong>redux‘magistra·</strong></span> 
     </span>
    </p>

    <p class='ocr_par' dir='ltr' id='par_1_26' title="bbox 396 4163 1913 4310">
     <span class='ocr_line' id='line_1_32' title="bbox 396 4163 1913 4310; baseline -0.011 -29"><span class='ocrx_word' id='word_1_248' title='bbox 396 4164 489 4295; x_wconf 57' lang='lat' dir='ltr'><strong>iiiii„</strong></span> <span class='ocrx_word' id='word_1_249' title='bbox 499 4163 635 4304; x_wconf 57' lang='grc' dir='ltr'><strong>,ῗᾞίᾖ</strong></span> <span class='ocrx_word' id='word_1_250' title='bbox 647 4200 755 4286; x_wconf 79' lang='lat' dir='ltr'><strong>tibur</strong></span> <span class='ocrx_word' id='word_1_251' title='bbox 767 4191 947 4286; x_wconf 88' lang='lat' dir='ltr'><strong>tradidi,</strong></span> <span class='ocrx_word' id='word_1_252' title='bbox 978 4191 1082 4280; x_wconf 90' lang='lat' dir='ltr'><strong>illud</strong></span> <span class='ocrx_word' id='word_1_253' title='bbox 1094 4195 1298 4287; x_wconf 81' lang='lat' dir='ltr'><strong>indicans,</strong></span> <span class='ocrx_word' id='word_1_254' title='bbox 1325 4198 1541 4310; x_wconf 78' lang='lat' dir='ltr'><strong>quaerenti</strong></span> <span class='ocrx_word' id='word_1_255' title='bbox 1558 4195 1692 4278; x_wconf 86' lang='lat' dir='ltr'><strong>damni</strong></span> <span class='ocrx_word' id='word_1_256' title='bbox 1706 4186 1913 4277; x_wconf 86' lang='lat' dir='ltr'><strong>crederem</strong></span> 
     </span>
    </p>

    <p class='ocr_par' dir='ltr' id='par_1_27' title="bbox 399 4301 1916 4427">
     <span class='ocr_line' id='line_1_33' title="bbox 399 4301 1916 4427; baseline -0.009 -31"><span class='ocrx_word' id='word_1_257' title='bbox 399 4322 554 4396; x_wconf 54' lang='grc' dir='ltr'><strong>τεμών·</strong></span> <span class='ocrx_word' id='word_1_258' title='bbox 648 4309 806 4401; x_wconf 83' lang='lat' dir='ltr'><strong>causas,</strong></span> <span class='ocrx_word' id='word_1_259' title='bbox 839 4309 937 4424; x_wconf 92' lang='lat' dir='ltr'><strong>quid</strong></span> <span class='ocrx_word' id='word_1_260' title='bbox 951 4311 1122 4396; x_wconf 90' lang='lat' dir='ltr'><strong>remedii</strong></span> <span class='ocrx_word' id='word_1_261' title='bbox 1148 4310 1348 4399; x_wconf 88' lang='lat' dir='ltr'><strong>censerem</strong></span> <span class='ocrx_word' id='word_1_262' title='bbox 1364 4309 1441 4398; x_wconf 79' lang='lat' dir='ltr'><strong>elle</strong></span> <span class='ocrx_word' id='word_1_263' title='bbox 1455 4313 1712 4427; x_wconf 84' lang='lat' dir='ltr'><strong>imposterum</strong></span> <span class='ocrx_word' id='word_1_264' title='bbox 1726 4301 1916 4391; x_wconf 86' lang='lat' dir='ltr'><strong>adhiben-</strong></span> 
     </span>
    </p>

    <p class='ocr_par' dir='ltr' id='par_1_28' title="bbox 648 4419 1913 4542">
     <span class='ocr_line' id='line_1_34' title="bbox 648 4419 1913 4542; baseline -0.005 -33"><span class='ocrx_word' id='word_1_265' title='bbox 648 4431 775 4520; x_wconf 87' lang='lat' dir='ltr'><strong>dum,</strong></span> <span class='ocrx_word' id='word_1_266' title='bbox 806 4453 855 4512; x_wconf 89' lang='lat' dir='ltr'><strong>ne</strong></span> <span class='ocrx_word' id='word_1_267' title='bbox 886 4423 1028 4514; x_wconf 86' lang='lat' dir='ltr'><strong>srmiles</strong></span> <span class='ocrx_word' id='word_1_268' title='bbox 1051 4429 1305 4516; x_wconf 82' lang='lat' dir='ltr'><strong>exundantiae</strong></span> <span class='ocrx_word' id='word_1_269' title='bbox 1331 4425 1472 4521; x_wconf 85' lang='lat' dir='ltr'><strong>fluvii,</strong></span> <span class='ocrx_word' id='word_1_270' title='bbox 1498 4457 1593 4542; x_wconf 82' lang='lat' dir='ltr'><strong>quas</strong></span> <span class='ocrx_word' id='word_1_271' title='bbox 1623 4456 1695 4512; x_wconf 90' lang='lat' dir='ltr'><strong>nec</strong></span> <span class='ocrx_word' id='word_1_272' title='bbox 1724 4426 1775 4509; x_wconf 87' lang='lat' dir='ltr'><strong>ab</strong></span> <span class='ocrx_word' id='word_1_273' title='bbox 1804 4419 1913 4506; x_wconf 83' lang='lat' dir='ltr'><strong>ollio</strong></span> 
     </span>
    </p>

    <p class='ocr_par' dir='ltr' id='par_1_29' title="bbox 601 4535 1915 4663">
     <span class='ocr_line' id='line_1_35' title="bbox 601 4535 1915 4663; baseline -0.009 -32"><span class='ocrx_word' id='word_1_274' title='bbox 601 4607 605 4618; x_wconf 77' lang='lat'><em>,</em></span> <span class='ocrx_word' id='word_1_275' title='bbox 649 4547 849 4662; x_wconf 80' lang='lat' dir='ltr'><strong>pendere,</strong></span> <span class='ocrx_word' id='word_1_276' title='bbox 880 4571 952 4634; x_wconf 89' lang='lat' dir='ltr'><strong>nec</strong></span> <span class='ocrx_word' id='word_1_277' title='bbox 982 4550 1141 4662; x_wconf 88' lang='lat' dir='ltr'><strong>penitus</strong></span> <span class='ocrx_word' id='word_1_278' title='bbox 1167 4543 1407 4636; x_wconf 84' lang='lat' dir='ltr'><strong>summoveri</strong></span> <span class='ocrx_word' id='word_1_279' title='bbox 1432 4545 1541 4663; x_wconf 88' lang='lat' dir='ltr'><strong>posse</strong></span> <span class='ocrx_word' id='word_1_280' title='bbox 1559 4546 1771 4634; x_wconf 73' lang='lat' dir='ltr'><strong>arbitror,</strong></span> <span class='ocrx_word' id='word_1_281' title='bbox 1801 4535 1915 4652; x_wconf 86' lang='lat' dir='ltr'><strong>peni-</strong></span> 
     </span>
    </p>

    <p class='ocr_par' dir='ltr' id='par_1_30' title="bbox 652 4661 1914 4777">
     <span class='ocr_line' id='line_1_36' title="bbox 652 4661 1914 4777; baseline -0.007 -30"><span class='ocrx_word' id='word_1_282' title='bbox 652 4689 717 4748; x_wconf 83' lang='lat' dir='ltr'><strong>tus</strong></span> <span class='ocrx_word' id='word_1_283' title='bbox 741 4665 889 4749; x_wconf 84' lang='lat' dir='ltr'><strong>iterum</strong></span> <span class='ocrx_word' id='word_1_284' title='bbox 913 4666 1049 4749; x_wconf 86' lang='lat' dir='ltr'><strong>omnia</strong></span> <span class='ocrx_word' id='word_1_285' title='bbox 1078 4686 1273 4755; x_wconf 77' lang='lat' dir='ltr'><strong>vertant,</strong></span> <span class='ocrx_word' id='word_1_286' title='bbox 1307 4693 1356 4752; x_wconf 87' lang='lat' dir='ltr'><strong>ae</strong></span> <span class='ocrx_word' id='word_1_287' title='bbox 1383 4689 1579 4777; x_wconf 88' lang='lat' dir='ltr'><strong>proruant</strong></span> <span class='ocrx_word' id='word_1_288' title='bbox 1608 4728 1618 4750; x_wconf 88' lang='lat'><strong>.</strong></span> <span class='ocrx_word' id='word_1_289' title='bbox 1650 4661 1818 4752; x_wconf 85' lang='lat' dir='ltr'><strong>Mairius</strong></span> <span class='ocrx_word' id='word_1_290' title='bbox 1845 4683 1914 4739; x_wconf 84' lang='lat' dir='ltr'><strong>au·</strong></span> 
     </span>
    </p>
   </div>
   <div class='ocr_carea' id='block_1_6' title="bbox 652 4774 1921 5006">
    <p class='ocr_par' dir='ltr' id='par_1_31' title="bbox 652 4774 1921 5006">
     <span class='ocr_line' id='line_1_37' title="bbox 652 4774 1914 4904; baseline -0.006 -38"><span class='ocrx_word' id='word_1_291' title='bbox 652 4800 736 4867; x_wconf 83' lang='lat' dir='ltr'><strong>tem</strong></span> <span class='ocrx_word' id='word_1_292' title='bbox 764 4810 952 4896; x_wconf 86' lang='lat' dir='ltr'><strong>mappam</strong></span> <span class='ocrx_word' id='word_1_293' title='bbox 975 4786 1099 4872; x_wconf 90' lang='lat' dir='ltr'><strong>etiam</strong></span> <span class='ocrx_word' id='word_1_294' title='bbox 1115 4785 1316 4876; x_wconf 83' lang='lat' dir='ltr'><strong>Tiberinae</strong></span> <span class='ocrx_word' id='word_1_295' title='bbox 1338 4779 1475 4870; x_wconf 77' lang='lat' dir='ltr'><strong>insulae</strong></span> <span class='ocrx_word' id='word_1_296' title='bbox 1501 4784 1720 4904; x_wconf 86' lang='lat' dir='ltr'><strong>diligenter</strong></span> <span class='ocrx_word' id='word_1_297' title='bbox 1739 4774 1914 4862; x_wconf 77' lang='lat' dir='ltr'><strong>delinea-</strong></span> 
     </span>
     <span class='ocr_line' id='line_1_38' title="bbox 872 4935 1921 5006; baseline 0.002 -2"><span class='ocrx_word' id='word_1_298' title='bbox 872 4963 874 4968; x_wconf 55' lang='lat'><strong><em>⁴</em></strong></span> <span class='ocrx_word' id='word_1_299' title='bbox 1833 4935 1921 5006; x_wconf 69' lang='lat' dir='ltr'><strong>tam</strong></span> 
     </span>
    </p>
   </div>
   <div class='ocr_carea' id='block_1_7' title="bbox 0 0 2162 5730">
    <p class='ocr_par' dir='ltr' id='par_1_32' title="bbox 0 0 2162 5730">
     <span class='ocr_line' id='line_1_39' title="bbox 0 0 2162 5730; baseline 0 0"><span class='ocrx_word' id='word_1_300' title='bbox 0 0 2162 5730; x_wconf 95' lang='lat' dir='ltr'><strong> </strong></span> 
     </span>
    </p>
   </div>
  </div>
 </body>
</html>
