4136 5778
632 611 725 711 3&
946 583 1605 680 -onutoutuu·
1791 689 1810 696 Η

391 751 418 804 r,
433 747 478 805 tn,
496 749 618 808 nunu.
697 723 797 828 326.
831 705 910 798 Sed
924 710 1198 798 eamethodur
1215 711 1271 796 est
1286 712 1460 798 maxime
1475 707 1627 796 sallent.v
1652 711 1776 795 'Naro'
1796 734 1911 800 error

522 937 524 947 ,
633 831 943 934 4setundor'um
959 831 1000 912 in
1017 853 1204 942 tempore
1218 823 1467 941 ecclipseor,
1500 823 1634 913 secum
1653 828 1779 915 trabit
1797 859 1914 914 erro·

633 981 719 1038 tent
745 951 861 1035 unius
887 948 1032 1034 minuti
1059 947 1205 1032 circuli
1234 943 1417 1060 paralleli
1448 1001 1462 1037 ,
1490 947 1559 1060 qui
1587 943 1815 1032 distantiam
1846 950 1911 1032 Ln

634 1072 676 1156 in
706 1065 902 1186 parallelo
937 1068 1089 1150 mont-is
1114 1066 1212 1152 Luri
1243 1067 1278 1150 L
1303 1090 1390 1149 uno
1413 1065 1583 1149 circiter
1615 1059 1781 1150 milliari
1810 1095 1904 1148 mu·

635 1211 724 1278 tat,
757 1186 855 1272 dunt
881 1211 996 1270 error
1022 1212 1053 1283 4
1074 1177 1345 1269 secundorum
1371 1183 1415 1266 in
1442 1182 1792 1267 determinatione
1810 1209 1900 1266 nro·

633 1306 793 1396 menti,
823 1331 906 1416 quo
922 1297 1210 1388 Soladdatum
1225 1300 1479 1388 azimutiturn
1495 1299 1661 1385 deuenit
1677 1353 1690 1388 ,
1709 1296 1904 1412 angulum
2055 1289 2056 1350 ἶ

634 1427 728 1510 Lrln
743 1441 878 1508 mutat
890 1415 1027 1504 multo
1042 1419 1199 1508 minua,
1220 1447 1342 1534 quam
1356 1445 1442 1504 uno
1458 1419 1620 1504 minuto
1642 1467 1659 1504 ,·
1691 1419 1737 1503 δι
1758 1416 1910 1502 distan·

637 1545 737 1628 tiam
753 1543 812 1626 er
824 1539 953 1626 minua
967 1593 979 1627 ,
994 1557 1113 1649 quarn
1130 1537 1297 1650 pellibus
1311 1563 1368 1635 41
1389 1527 1541 1649 ,quod
1559 1531 1676 1619 facile
1690 1533 1908 1648 colligitur

635 1683 685 1745 tx
700 1687 807 1744 num.
828 1681 912 1768 302
926 1655 1040 1760 hujus
1051 1649 1268 1768 opusculi,
1300 1677 1348 1740 ut
1363 1653 1465 1740 adeo
1483 1649 1817 1738 evidentissimum
1838 1647 1901 1742 fit,

635 1775 939 1864 observationes
950 1766 1241 1885 ecclipstumad
1256 1769 1336 1860 boc
1351 1771 1561 1886 negotium
1573 1766 1737 1882 prorsus
1753 1771 1899 1860 irritas,

637 1897 683 1982 dt
697 1891 1004 2008 supervacaneas
1017 1891 1187 1976 omnino
1203 1885 1302 1976 eise.

593 2075 623 2114 ω
699 2039 797 2127 327.
833 2004 1032 2125 Expofitir
1059 2010 1139 2100 iis,
1182 2033 1270 2124 quar
1301 2010 1508 2122 pertinent
1537 2008 1587 2094 ad
1615 2010 1784 2117 majoris
1809 2035 1905 2123 qoa-

638 2127 1179 2218 drantisconlirut‘tioneru,
1207 2130 1254 2212 dr
1270 2123 1412 2218 usum,
1439 2153 1486 2212 ac
1513 2121 1903 2241 observationerper

386 2235 422 2352 ζ
481 2238 556 2350 ml,
579 2233 620 2346 ‘ii
638 2281 730 2338 etun
765 2247 919 2332 habitas
944 2273 1021 2360 pto
1049 2237 1229 2330 mensura
1253 2241 1398 2357 gradun
1424 2244 1665 2336 meridiani,
1689 2241 1903 2361 superesset
2056 2249 2057 2252 ‘

489 2391 531 2426 ²¹¹·
542 2373 621 2426 ‘⁸³¹⁵‘
637 2365 854 2454 dicendum
878 2359 1031 2478 aliquid
1045 2361 1096 2446 de
1120 2363 1269 2446 minori
1297 2363 1536 2474 quadrante,
1568 2366 1614 2450 ἀ
1642 2361 1905 2452 observatio·

473 2469 502 2510 ¹⁸
537 2470 554 2508 ⁰
590 2469 754 2572 ⁸‘nibus
765 2480 915 2566 habitis
930 2509 1002 2594 per
1017 2473 1149 2592 ipsum
1161 2479 1213 2564 ad
1231 2483 1529 2567 correctionem
1543 2509 1704 2596 mappae
1729 2509 1903 2598 geogra-

634 2605 789 2722 phicae.
822 2597 899 2686 Sed
918 2600 960 2680 in
977 2599 1121 2711 primis
1147 2596 1252 2682 nihil
1279 2598 1320 2682 in
1346 2616 1502 2684 tuerat
1530 2597 1760 2714 peculiare,
1783 2595 1897 2713 quod

633 2722 769 2836 aliqua
793 2715 1070 2831 explicatione
1098 2715 1301 2830 indigeat.
1331 2715 1586 2806 Habebat&
1607 2719 1649 2803 'ir
1676 2717 1766 2805 bina
1793 2712 1896 2802 tele·
2056 2755 2057 2758 κ

631 2839 802 2954 scopia,
834 2832 1005 2922 alterum
1031 2829 1162 2919 fixum
1197 2831 1377 2948 duplex,
1410 2831 1586 2922 alterum
1621 2832 1777 2924 mobile
1804 2859 1896 2918 curn

428 2997 468 3050 ’.
631 2955 771 3073 regula
800 3011 812 3046 ,
842 2955 985 3070 &per
1018 2947 1298 3037 transversales
1324 2951 1453 3039 linear
1471 2947 1660 3038 satilein
1689 2983 1743 3040 eo
1771 2953 1895 3067 fingu-

631 3076 672 3161 la
708 3074 866 3160 minuta
907 3073 1036 3186 prima
1062 3065 1449 3183 dignoscebantur,
1489 3071 1603 3186 quod
1636 3075 1690 3159 ad
1730 3097 1897 3187 mappa·

632 3223 722 3278 turn
749 3193 1046 3276 correctionem
1073 3185 1230 3274 abunde
1247 3188 1330 3276 est.
1357 3189 1449 3296 Ejus
1479 3217 1561 3303 ope
1586 3189 1725 3304 anguli
1754 3191 1898 3274 eodem

630 3309 760 3395 modo
775 3307 1101 3394 definiebantur,
1131 3333 1216 3419 quo
1230 3304 1367 3421 anguli
1395 3305 1585 3421 poligoni
1598 3339 1680 3425 ope
1698 3308 1899 3425 quadran·

628 3426 685 3512 tis
704 3425 896 3528 majoris,
923 3426 968 3508 dc
996 3422 1144 3510 eodern
1170 3423 1326 3518 modo,
1355 3451 1441 3538 quo
1455 3425 1552 3511 ibia
1582 3424 1703 3514 tholo
1718 3432 1778 3513 D.·
1792 3425 1898 3511 Petri

628 3544 862 3664 Ariminum
902 3537 1026 3654 usque
1051 3535 1244 3662 progressi
1277 3537 1410 3660 sumus
1438 3544 1635 3630 continua
1667 3533 1898 3662 trinngulo·
2057 3579 2058 3628 ³

629 3689 721 3746 rum
739 3656 866 3754 serie,
897 3661 957 3746 ita
982 3658 1046 3743 bit
1074 3685 1148 3772 per
1175 3654 1399 3744 universam
1412 3657 1679 3750 Pontificiatn
1693 3666 1895 3750 ditionem
2057 3651 2058 3662 Ν

629 3779 906 3893 perreximus,
937 3777 1126 3864 &urbes
1145 3769 1238 3862 sere
1268 3805 1436 3874 omnes,
1469 3811 1516 3869 ac
1540 3784 1749 3899 praecipua
1772 3781 1890 3894 oppr}

625 3894 702 3982 da,
738 3897 783 3980 dt
810 3895 942 3980 muita
964 3897 1089 3980 etiam
1104 3884 1262 3981 rninor‘a
1274 3899 1502 4015 oppidula,
1534 3903 1733 3992 acuitur,
1749 3888 1896 4017 pagos·-

627 4039 707 4124 que
736 4036 830 4096 curn
849 4010 1052 4124 poligono
1076 4013 1212 4098 nostro
1237 4016 1522 4106 coniunxinrur
1536 4073 1555 4103 .-
1575 4019 1643 4103 De
1654 4023 1704 4106 iir
1730 4041 1901 4110 autem,

627 4123 1898 4246 quaenobisproposuirnur,atquepraestitimu'a,nonnullajatn

626 4247 669 4328 in
689 4249 823 4358 primo
837 4241 1038 4358 opusculo
1049 4244 1251 4359 exposui,
1272 4247 1390 4362 plura
1401 4255 1568 4340 Mairiut
1583 4259 1627 4338 in
1640 4259 1796 4348 tertio,
1824 4251 1901 4341 ubi

624 4389 715 4475 qnae
745 4365 899 4450 anobis
927 4360 1263 4477 praellitasutit,
1299 4367 1433 4456 innuit
1461 4375 1781 4466 tantummodo,
1808 4395 1899 4492 quat

624 4475 796 4572 omissa,
819 4478 1055 4595 diligentius
1083 4477 1362 4598 persequitur.
1395 4491 1472 4574 Sed
1503 4491 1574 4603 qui
1604 4495 1744 4580 animo
1779 4522 1900 4607 repu-

627 4597 803 4690 taverit,
830 4600 929 4710 quid
953 4601 1072 4685 nobis
1085 4601 1515 4697 commissumduerit,
1540 4613 1753 4698 corret‘iio
1777 4612 1897 4700 nimi·

624 4741 714 4800 tunt
730 4716 1219 4830 Geogtaphicaenrappae,
1256 4747 1338 4803 non
1362 4721 1596 4812 efformatio
1623 4730 1902 4846 topographi·
2057 4797 2058 4830 2

624 4859 681 4928 cr
700 4863 817 4949 ,quae
834 4831 884 4926 ad
899 4861 1132 4928 communes
1149 4835 1331 4955 pertinet
1346 4839 1650 4958 Agrimensorrr
1667 4877 1680 4946 5
1695 4845 1788 4938 liert
1804 4880 1897 4940 orn·

1221 5013 1225 5024 ·
1834 4995 1903 5057 naa
