4144 5784
657 529 744 634 md
991 529 1605 622 OPUSCUBUM·

439 676 578 738 uertant
600 675 642 732 n-
719 673 817 752 294.
848 647 942 762 Ope
968 645 1118 758 hujus,
1151 651 1212 738 tei
1240 653 1386 765 prioris
1415 653 1671 740 theorematis
1703 653 1722 746 ,“
1756 677 1811 742 ex
1837 681 1906 770 qun

317 844 322 855 ,
408 757 641 908 ffjfssfflffi
657 763 874 875 hocipsum
887 766 1105 854 dedudtum
1117 771 1175 855 est
1191 825 1204 860 ,
1221 771 1377 852 eruitur
1389 769 1604 855 methodus
1623 767 1711 858 satit
1724 777 1910 888 expedita

408 913 607 990 treuguae.
654 882 936 994 inquirendiin
951 881 1322 999 speciemellipseos
1344 886 1510 975 exbinis
1527 888 1709 1000 gradihus
1724 892 1911 974 Meridia·

654 1007 696 1086 ni
715 994 931 1086 observatis
956 1004 996 1084 in
1011 1003 1117 1088 binis
1131 1001 1419 1088 latitudinibus
1435 1000 1764 1118 quibuscunque,
1801 1027 1845 1090 ut
1864 1011 1907 1094 δε

654 1145 704 1208 ex
734 1119 837 1202 binis
864 1114 1187 1231 longitudinibus
1213 1116 1379 1232 penduli
1412 1115 1630 1205 observatis
1651 1123 1694 1203 in
1717 1123 1820 1208 binis
1845 1125 1907 1208 iti-

654 1237 746 1324 dem
759 1233 860 1322 locis
884 1233 1114 1320 latitudinis
1129 1233 1297 1320 diversae
1310 1235 1474 1321 eandem
1494 1235 1638 1322 itidem
1663 1239 1705 1320 in
1717 1238 1843 1350 primi
1854 1269 1908 1324 ct·

654 1356 756 1466 pitis
780 1349 860 1436 fine
892 1349 1272 1440 determinavimus.
1309 1354 1396 1438 Fiat
1430 1355 1758 1463 cumprimum,
1790 1379 1837 1440 ut
1861 1352 1907 1446 se·

652 1468 940 1557 midifferentia
965 1461 1117 1554 hnuum
1145 1465 1350 1556 versorum
1392 1467 1623 1555 latitudinis
1657 1467 1908 1582 utriusquea

651 1581 871 1700 duplicatae
901 1585 952 1670 ad
979 1583 1136 1670 radium
1164 1644 1177 1678 ,
1206 1589 1266 1670 ita
1290 1583 1517 1672 differentia
1543 1583 1739 1700 graduum
1780 1585 1903 1674 ohser-

651 1726 846 1792 vatorum
870 1701 923 1788 ad'
944 1723 1160 1814 quartum,
1184 1707 1229 1791 &
1247 1701 1461 1810 habebitur
1474 1701 1703 1788 differentia
1721 1704 1902 1817 graduum

652 1825 697 1904 in
711 1819 914 1934 atqu'atore
931 1833 942 1908 ,'
964 1817 1123 1932 &polo
1143 1817 1273 1908 .Tum
1286 1821 1362 1904 erit
1377 1873 1389 1909 ‚
1405 1841 1452 1904 ut
1467 1819 1589 1903 triens
1606 1819 1724 1924 hujus
1738 1821 1905 1906 differen-

653 1939 722 2022 tiae
745 1936 796 2022 ad
811 1939 978 2052 gradum
1006 1937 1205 2023 utrumvis
1229 1932 1464 2047 affttmptum
1488 1939 1677 2048 proxime
1695 1965 1774 2050 pro
1787 1939 1903 2050 gradu

652 2055 814 2146 medio,
845 2057 903 2138 ita
918 2052 1145 2139 differentia
1164 2049 1450 2140 semidiametri
1477 2050 1900 2164 aquatorisasemiaxe

650 2173 731 2260 five
762 2167 1001 2287 compreffio
1030 2171 1083 2255 ad
1111 2166 1448 2256 semidiametrum
1475 2167 1607 2254 Terrae
1634 2172 1901 2258 mediocrem.

649 2292 744 2374 Hoc
762 2286 977 2375 secundum
991 2287 1070 2372 rite
1086 2282 1173 2374 fieri
1190 2306 1303 2396 patet
1316 2313 1368 2371 ex
1379 2313 1487 2374 num.
1503 2313 1605 2391 2915
1620 2284 1720 2375 illud
1737 2291 1903 2400 primum

646 2401 765 2492 facile
789 2404 1114 2489 demonstratur.
1152 2409 1258 2486 Cum
1288 2404 1395 2488 enim
1414 2400 1679 2498 'decrementa
1713 2405 1903 2516 graduum

646 2520 750 2612 fine,
776 2541 825 2604 ut
854 2515 942 2605 sunt
967 2513 1067 2604 finus
1090 2517 1184 2606 verfi
1211 2517 1472 2604 latitudinum
1491 2518 1809 2632 duplicaturumt
1827 2527 1904 2610 erit
1944 2543 1950 2554 '

647 2639 875 2726 differentia
900 2638 1250 2724 decrementorum
1282 2632 1403 2749 usque
1430 2640 1483 2722 ad
1509 2639 1625 2724 binos
1645 2667 1711 2724 tot
1729 2638 1898 2751 gradus·

499 2785 503 2792 ·
641 2785 732 2870 quae
751 2753 888 2841 eadem
910 2754 994 2845 est,
1025 2783 1070 2838 ac
1082 2755 1314 2841 differentia
1330 2755 1551 2842 eorundem
1564 2757 1758 2869 graduum
1774 2756 1826 2838 ad
1840 2755 1902 2840 de-

640 2891 889 2959 crementum
906 2869 1088 2956 debitum
1108 2872 1191 2958 toti
1208 2871 1439 2984 quadranti,
1458 2873 1745 2960 utdifferentia
1757 2871 1902 2958 hnuum
2036 2977 2037 2980 p

641 2987 849 3077 versorum
863 2984 1160 3100 duplicaturum
1185 2985 1480 3082 latitudinum,
1508 2991 1558 3075 ad
1583 2993 1737 3103 quasii
1764 2993 1902 3102 gradus
2036 3041 2037 3084 ;

640 3109 878 3220 pertinent,
906 3105 956 3188 ad
983 3104 1252 3191 differentiam
1270 3103 1422 3191 finuum
1440 3105 1644 3194 versorum
1663 3104 1798 3222 duplae
1814 3103 1902 3194 lati·
2036 3103 2037 3196 ἰ

642 3224 808 3311 tudinis,
826 3220 1000 3335 &dupli
1013 3222 1257 3337 quadrantis,
1274 3223 1612 3337 quorumfinuum
1627 3226 1745 3339 prior
1759 3226 1900 3314 est=u
2036 3201 2037 3234 Ν

641 3339 839 3458 posterior
854 3341 909 3427 est
918 3343 1128 3430 diameter,
1147 3337 1213 3427 seu
1228 3339 1371 3455 duplus
1387 3342 1674 3462 tadinaQtare
1686 3344 1756 3432 eff,
1772 3366 1821 3428 ut
1834 3339 1903 3428 dif-

641 3455 812 3543 ferentia
827 3455 992 3544 iilorum
1007 3451 1155 3544 finuum
1171 3454 1374 3546 versorum
1388 3459 1439 3542 ad
1454 3456 1623 3574 duplum
1633 3458 1797 3546 radium
1810 3517 1823 3552 ,
1838 3459 1898 3546 vel

641 3571 965 3661 semidifferentia
1001 3575 1050 3660 ad
1078 3580 1233 3662 radium
1255 3632 1268 3668 ,
1290 3579 1350 3661 ita
1370 3575 1596 3662 differentia
1618 3573 1786 3664 illorum
1815 3607 1899 3690 gra-

641 3690 767 3776 duum
782 3693 830 3776 ad
842 3692 1107 3778 differentiam
1120 3692 1264 3810 gradus
1279 3694 1321 3775 in
1334 3715 1540 3808 mquatore
1554 3724 1577 3778 a
1590 3693 1719 3808 gradu
1728 3697 1770 3776 in
1785 3692 1897 3806 polo.

392 3867 554 3941 mmmm
572 3883 624 3939 qm,
652 3850 657 3858 ·
703 3815 816 3914 295(-
832 3807 1079 3924 Ellipticitas
1096 3835 1229 3897 autem
1249 3806 1349 3901 ,sive
1376 3811 1486 3896 ratio
1512 3809 1752 3898 differentiae
1781 3812 1898 3896 bino·

393 3947 624 4019 ,revincuntur
642 3953 731 4008 tum
750 3923 1408 4042 semiaxiumellipseosvgenitricis
1423 3927 1472 4011 ad
1485 3924 1695 4014 semiaxcm
1716 3929 1895 4010 atterum

392 4041 425 4077 a·
444 4025 511 4080 utu
536 4023 625 4098 ruffi·
642 4021 760 4128 facile
776 4041 1005 4129 invenitur,
1017 4039 1239 4127 dividendo
1252 4044 1440 4128 trientem
1455 4044 1685 4132 differentiae
1699 4039 1900 4156 graduum

391 4097 459 4160 ω’
642 4163 684 4243 in
700 4161 979 4272 aequatura&
997 4154 1100 4272 polo
1117 4159 1319 4244 inventam
1333 4187 1407 4270 per
1421 4163 1588 4274 gradum
1606 4162 1819 4276 integrum.
1837 4161 1901 4242 In·

638 4295 757 4362 tenta
785 4298 1011 4360 autentum
1026 4273 1449 4391 ellipticitate‚quam
1472 4279 1666 4366 exhibent
1687 4280 1773 4368 bini
1804 4307 1899 4392 gra·

638 4392 734 4484 dut,
750 4388 867 4479 facile
882 4391 975 4476 inde
987 4395 1232 4502 eruitut'ea,
1249 4423 1368 4507 quam
1384 4395 1573 4484 exhibent
1588 4397 1675 4482 bini
1689 4395 1757 4481 alii
1772 4427 1785 4492 ς
1801 4423 1897 4479 cum
2036 4399 2037 4444 ¹

636 4510 828 4595 nimirum
854 4535 901 4593 et
927 4507 1167 4622 eliipticitas
1193 4503 1242 4594 fit
1268 4511 1444 4606 ditent,
1470 4535 1518 4600 ut
1546 4511 1777 4600 differentia
1801 4541 1892 4625 gra·

637 4627 760 4712 duum
781 4687 792 4722 ,
822 4629 867 4711 δε
884 4626 1119 4738 reciproce,
1146 4650 1194 4712 ut
1208 4627 1435 4720 differentia
1447 4627 1596 4722 finuum
1621 4627 1832 4722 versorum
1844 4626 1895 4714 la·
2036 4623 2037 4656 ¹

638 4741 1185 4860 titudinumduplicatarum,

1697 4881 1797 4977 296.
1811 4869 1894 4953 At·
