4156 5752
473 617 528 731 Q
572 611 612 696 U
669 611 708 692 A
767 613 809 700 R
866 611 902 696 T
961 617 998 697 U
1056 613 1124 698 M.
1344 619 1438 715 2'05·

177 723 378 816 raminulo
393 724 679 814 accuratissime
694 723 950 840 responderet
964 725 1092 840 ipsum
1105 723 1332 842 occupans.
1350 733 1431 810 De·
1559 766 1560 769 Ν

180 842 367 956 mumslg.
388 875 411 954 3
440 842 604 929 exhibet
618 847 660 924 in
678 842 990 931 Cmachinulam
1003 840 1128 958 ipsam
1142 846 1301 957 penitus
1317 866 1432 955 aper·

178 983 293 1054 tam,
322 961 821 1072 ubiacusemergitexR‚
849 958 1218 1049 &foraminulum‚
1247 953 1428 1046 cuiinse-
1550 995 1551 1000 ¹

176 1079 281 1162 ritur
299 1134 310 1170 ‚
327 1075 398 1164 ¹vel
415 1073 643 1190 applicatur
659 1074 789 1191 cuspin
802 1076 919 1192 ipsius
948 1101 1038 1162 acus
1056 1135 1068 1170 ,
1095 1077 1150 1162 est
1167 1082 1194 1163 S
1207 1077 1366 1190 penitus
1380 1073 1428 1156 li·

176 1195 321 1280 berum
335 1199 384 1282 ab
399 1196 537 1278 eadem
564 1220 660 1279 acu.

237 1341 304 1421 34.
336 1307 494 1395 Haecad
510 1309 800 1402 machinulam,
824 1311 904 1417 jam
918 1311 969 1396 ad
983 1311 1065 1415 ejus
1080 1306 1427 1396 collocationem.
1458 1311 1603 1406 {⁰¹¹⁰“l0
1623 1332 1677 1368 Μ·

174 1429 215 1508 A·
227 1426 359 1512 media
371 1425 474 1510 linea
488 1422 658 1510 lamellae
684 1425 844 1512 mobilis
857 1423 932 1513 Eli*
951 1424 1089 1540 figurae
1109 1453 1125 1508 1
1146 1421 1274 1512 versus
1288 1431 1323 1515 R
1339 1427 1427 1539 poll
1442 1387 1672 1524 {l'iilild⁶‘“'

173 1567 295 1628 uuum
314 1545 498 1658 proxime
523 1541 667 1653 pedem
696 1541 899 1658 applicata
921 1541 999 1629 suit
1030 1535 1101 1654 ipsi
1130 1541 1275 1656 regulae
1290 1537 1427 1626 serrere
1442 1547 1537 1602 Μ’·
1550 1551 1615 1600 ¹¹·¹·

175 1663 222 1744 ὃ(
242 1657 497 1743 ferruminata
514 1656 660 1742 lamina
687 1658 974 1748 aurichalchica
1001 1656 1107 1750 ind,
1128 1683 1217 1744 tum
1244 1657 1322 1743 alia
1337 1661 1431 1772 post
1581 1645 1616 1755 ,ζ

175 1773 300 1859 alium
315 1775 459 1890 pedem
472 1777 512 1858 in
525 1770 584 1863 d,
612 1778 657 1860 dt
672 1773 748 1860 alia
761 1777 850 1890 poll
869 1776 991 1862 alium
1014 1778 1056 1861 in
1086 1780 1151 1865 D,
1180 1775 1429 1884 deindepost
1671 1773 1680 1782 “

164 1889 433 1990 ,ἱυεεῐναΗυηι
448 1893 567 1974 trium
585 1894 732 2002 pedum
745 1893 788 1974 in
811 1889 884 1983 D‘,
916 1921 1004 2004 quat
1015 1919 1157 1979 omnes
1175 1890 1339 1974 tantillo
1350 1893 1431 1972 mi·
1455 1982 1462 1994 ι

147 2069 153 2082 .
174 2035 246 2092 unt
260 2006 389 2092 crasse
404 2028 516 2090 erant
529 2064 539 2096 ‚
554 2035 670 2118 quam
686 2007 833 2094 limbus
845 2007 1159 2094 aurichalchicus
1170 2003 1289 2120 supra
1315 2033 1434 2117 regu-

172 2119 251 2206 lam
270 2120 434 2207 serream
451 2125 624 2206 eminens
640 2125 698 2208 ita
711 2185 724 2218 ,
736 2149 783 2209 ut
796 2129 863 2209 virr
876 2124 1093 2240 quidquam
1106 2126 1285 2230 jacerent
1299 2150 1435 2206 etrum

173 2243 335 2324 extimat
350 2234 572 2352 superficies
587 2238 716 2325 versus
740 2239 921 2352 regulam
945 2239 1110 2327 ferream
1138 2233 1317 2353 respec⁰tu
1342 2239 1434 2322 lim-

176 2357 254 2444 bi,
279 2357 457 2460 jacerent
487 2379 618 2439 tamen
646 2355 856 2448 nonnihil,
878 2383 941 2440 'ue
971 2356 1078 2444 sorte
1105 2355 1234 2441 libero
1264 2350 1322 2438 fili
1342 2383 1438 2469 pen-

173 2469 261 2580 duli
278 2473 406 2554 motui
422 2469 549 2586 posset
563 2471 709 2557 deinde
724 2470 909 2558 officere:
939 2497 1028 2558 tum
1042 2471 1115 2558 filo
1132 2473 1244 2558 teriui
1260 2498 1332 2585 per
1350 2497 1440 2556 me·

172 2588 280 2671 diam
309 2585 475 2672 ferreum
501 2585 676 2700 regulum
701 2592 800 2676 bene
826 2586 938 2678 tenso
956 2647 972 2685 ‚
991 2593 1036 2674 δι
1061 2591 1255 2678 circino,
1282 2615 1438 2699 quenb·

151 2697 156 2706 ’
172 2702 345 2788 dicimus
360 2699 536 2794 fidelem,
551 2727 694 2818 aperto
709 2729 895 2819 accurate
909 2707 959 2790 ad
974 2703 1228 2792 intervallum
1243 2708 1357 2787 unius
1370 2731 1437 2812 pe·

174 2821 238 2903 dis
266 2819 367 2903 illud
396 2819 530 2909 idern,-
558 2848 645 2933 quo
657 2847 755 2906 unus
773 2849 842 2933 pet
857 2819 1047 2907 delinitus
1062 2825 1118 2908 est
1134 2823 1175 2901 in
1191 2817 1438 2902 lineamedia

66 2993 68 3000 ·
173 2935 335 3022 lumime
363 2938 556 3028 mobilis,
581 2935 843 3052 &applicata
858 2935 986 3021 altera
1003 2935 1167 3050 cuspide
1182 2933 1231 3018 ad
1245 2931 1368 3043 ipsam
1386 2932 1436 3016 li·

170 3079 290 3136 neum
319 3053 520 3140 mediam,
547 3051 671 3138 altera
686 3059 726 3136 in
740 3053 1036 3137 locoindicato
1064 3049 1173 3138 aslo
1202 3047 1277 3130 illo
1293 3043 1436 3137 tenso»

170 3171 394 3250 notabatur
412 3165 660 3250 inlamcllad
675 3173 894 3278 punctum,
926 3199 971 3254 ac
985 3168 1065 3256 levi
1079 3164 1211 3251 mallei
1223 3160 1437 3276 percullio·

170 3309 225 3366 ne
240 3278 499 3365 tenuissimum
518 3281 665 3366 ibidem
682 3279 862 3368 foramen
876 3280 1023 3369 siebat.
1052 3286 1203 3369 Eodem
1217 3285 1435 3392 padio-ma-

168 3417 296 3482 nente
312 3393 480 3481 secunda
494 3392 657 3512 cuspide
685 3403 726 3480 in
753 3398 804 3492 d,
833 3403 876 3484 dt
893 3403 1037 3485 circini
1050 3403 1160 3513 uirga
1171 3427 1243 3512 per
1261 3395 1437 3480 semicir-

166 3511 307 3599 culum
322 3509 511 3612 conversa
524 3519 745 3601 notabatur
773 3517 814 3596 in
841 3511 876 3600 d'
894 3513 1065 3602 alterum
1095 3520 1319 3630 punc‘tum‚
1347 3535 1435 3600 turn

167 3637 212 3716 in
230 3634 270 3714 D
287 3631 484 3718 tertium,
510 3652 557 3715 ut
574 3632 655 3736 jam
672 3633 912 3739 haberentur
943 3663 965 3718 a
989 3630 1097 3718 linea
1124 3631 1256 3718 media
1279 3627 1435 3714 laminae

168 3743 339 3833 mobilia
364 3749 416 3831 ad
445 3749 486 3831 D
512 3745 633 3860 pedes
660 3753 769 3835 ties.
796 3754 956 3862 Aperto
968 3751 1049 3855 jam
1069 3746 1118 3831 ad
1149 3742 1433 3832 intervallum.»

167 3865 293 3949 trium
309 3863 460 3977 pedum
476 3863 672 3978 ampliore
692 3865 846 3948 circino
861 3895 883 3948 a
897 3865 1001 3950 linea
1009 3865 1140 3950 media
1158 3864 1207 3947 ad
1231 3865 1272 3946 D
1289 3875 1312 3952 ,“
1329 3885 1436 3949 trun-

168 3979 416 4066 sserebamur
429 4002 512 4065 tres
525 3980 643 4094 pedes
658 3983 701 4066 in
715 3977 804 4066 DD‘
818 4017 835 4070 r
865 4005 951 4068 tum
965 3979 1104 4068 eudem
1117 3981 1263 4065 circini
1279 4005 1435 4096 apertu·

168 4125 215 4179 ru
230 4095 574 4184 determinabatur
593 4095 789 4205 ejusmodi
815 4096 966 4212 pofitio
995 4092 1232 4184 machinulae
1258 4097 1435 4184 Cadnt·

170 4212 322 4296 steudae
346 4212 494 4324 regulae
524 4212 689 4308 serrdae,
718 4240 765 4300 ut
783 4212 1065 4301 foraminulum
1082 4212 1182 4298 illud
1199 4217 1226 4298 S
1246 4208 1380 4327 figura
1388 4243 1429 4318 9³

169 4329 219 4412 δι’
237 4324 559 4438 roresponderet
576 4329 862 4419 accuratilllme
879 4326 1057 4416 secundat
1072 4326 1229 4441 cuspidi
1258 4326 1434 4434 ejusdem

165 4441 342 4527 circini.
363 4441 559 4558 Eopaero
583 4448 764 4534 obtineri
792 4446 991 4540 debebat,
1022 4467 1069 4530 ut
1091 4472 1275 4532 accurate
1289 4444 1433 4531 distan-

166 4563 224 4668 tia
239 4563 370 4644 centri
400 4561 553 4648 alinea
586 4562 719 4649 media
749 4561 906 4646 laminae
933 4560 1122 4652 mobilis,
1145 4564 1215 4675 qui
1229 4562 1285 4648 eli
1299 4562 1434 4644 radius

164 4671 332 4761 sedlorir
366 4679 487 4762 nostri
516 4737 529 4770 ‚
557 4678 761 4795 noncupla
800 4677 895 4766 ellet
923 4675 1122 4769 interualli
1149 4683 1193 4763 in
1220 4680 1350 4764 limbo
1378 4675 1439 4762 as-

165 4787 316 4914 sumpti
332 4823 414 4914 pro
428 4789 556 4916 pede.
