<?xml version="1.0" encoding="UTF-8"?>
<!DOCTYPE html PUBLIC "-//W3C//DTD XHTML 1.0 Transitional//EN"
    "http://www.w3.org/TR/xhtml1/DTD/xhtml1-transitional.dtd">
<html xmlns="http://www.w3.org/1999/xhtml" xml:lang="en" lang="en">
 <head>
  <title>
</title>
<meta http-equiv="Content-Type" content="text/html;charset=utf-8" />
  <meta name='ocr-system' content='tesseract 3.04.00' />
  <meta name='ocr-capabilities' content='ocr_page ocr_carea ocr_par ocr_line ocrx_word'/>
</head>
<body>
  <div class='ocr_page' id='page_1' title='image "./delitterariaexp00boscgoog_0103.png"; bbox 0 0 4178 5748; ppageno 0'>
   <div class='ocr_carea' id='block_1_1' title="bbox 660 615 1565 784">
    <p class='ocr_par' dir='ltr' id='par_1_1' title="bbox 660 615 1565 784">
     <span class='ocr_line' id='line_1_1' title="bbox 660 615 1565 784; baseline 0.007 -14"><span class='ocrx_word' id='word_1_1' title='bbox 660 697 719 784; x_wconf 63' lang='lat' dir='ltr'><em>w</em></span> <span class='ocrx_word' id='word_1_2' title='bbox 1010 615 1565 778; x_wconf 72' lang='lat' dir='ltr'>OPUSCUbUM</span> 
     </span>
    </p>
   </div>
   <div class='ocr_carea' id='block_1_2' title="bbox 390 797 1951 4663">
    <p class='ocr_par' dir='ltr' id='par_1_2' title="bbox 390 797 1951 4663">
     <span class='ocr_line' id='line_1_2' title="bbox 660 797 1917 921; baseline 0.015 -40"><span class='ocrx_word' id='word_1_3' title='bbox 660 824 775 918; x_wconf 85' lang='lat' dir='ltr'>perat</span> <span class='ocrx_word' id='word_1_4' title='bbox 787 801 901 890; x_wconf 91' lang='lat' dir='ltr'>domi</span> <span class='ocrx_word' id='word_1_5' title='bbox 916 801 1017 894; x_wconf 84' lang='lat' dir='ltr'>suae,</span> <span class='ocrx_word' id='word_1_6' title='bbox 1044 811 1227 891; x_wconf 91' lang='lat' dir='ltr'>omniurn</span> <span class='ocrx_word' id='word_1_7' title='bbox 1244 807 1530 897; x_wconf 85' lang='lat' dir='ltr'>Rusticorum‚</span> <span class='ocrx_word' id='word_1_8' title='bbox 1554 810 1623 921; x_wconf 90' lang='lat' dir='ltr'>qui</span> <span class='ocrx_word' id='word_1_9' title='bbox 1642 797 1776 896; x_wconf 85' lang='lat' dir='ltr'>vicum</span> <span class='ocrx_word' id='word_1_10' title='bbox 1797 809 1917 899; x_wconf 88' lang='lat' dir='ltr'>inco·</span> 
     </span>
     <span class='ocr_line' id='line_1_3' title="bbox 660 918 1916 1040; baseline 0.007 -38"><span class='ocrx_word' id='word_1_11' title='bbox 660 918 822 1012; x_wconf 79' lang='lat' dir='ltr'>lebant,</span> <span class='ocrx_word' id='word_1_12' title='bbox 853 919 1122 1008; x_wconf 81' lang='lat' dir='ltr'>Confeffiones</span> <span class='ocrx_word' id='word_1_13' title='bbox 1141 952 1237 1011; x_wconf 82' lang='lat' dir='ltr'>exce</span> <span class='ocrx_word' id='word_1_14' title='bbox 1270 926 1397 1016; x_wconf 89' lang='lat' dir='ltr'>imus,</span> <span class='ocrx_word' id='word_1_15' title='bbox 1421 955 1521 1038; x_wconf 87' lang='lat' dir='ltr'>quos</span> <span class='ocrx_word' id='word_1_16' title='bbox 1536 955 1614 1040; x_wconf 86' lang='lat' dir='ltr'>ego</span> <span class='ocrx_word' id='word_1_17' title='bbox 1642 931 1686 1012; x_wconf 81' lang='lat' dir='ltr'>dc</span> <span class='ocrx_word' id='word_1_18' title='bbox 1703 934 1916 1014; x_wconf 89' lang='lat' dir='ltr'>concioni-</span> 
     </span>
     <span class='ocr_line' id='line_1_4' title="bbox 660 951 1911 1155; baseline 0.003 -31"><span class='ocrx_word' id='word_1_19' title='bbox 660 1044 733 1126; x_wconf 85' lang='lat' dir='ltr'>bus</span> <span class='ocrx_word' id='word_1_20' title='bbox 746 1097 759 1131; x_wconf 90' lang='lat'>,</span> <span class='ocrx_word' id='word_1_21' title='bbox 774 1043 819 1124; x_wconf 66' lang='grc' dir='ltr'><strong>ἃ</strong></span> <span class='ocrx_word' id='word_1_22' title='bbox 830 1037 1048 1126; x_wconf 86' lang='lat' dir='ltr'>cathecbest</span> <span class='ocrx_word' id='word_1_23' title='bbox 1063 1042 1113 1124; x_wconf 87' lang='lat' dir='ltr'>ad</span> <span class='ocrx_word' id='word_1_24' title='bbox 1129 1044 1171 1126; x_wconf 95' lang='lat' dir='ltr'>id</span> <span class='ocrx_word' id='word_1_25' title='bbox 1185 951 1315 1155; x_wconf 49' lang='lat' dir='ltr'>ipsum</span> <span class='ocrx_word' id='word_1_26' title='bbox 1331 1038 1604 1152; x_wconf 81' lang='lat' dir='ltr'>disposueram</span> <span class='ocrx_word' id='word_1_27' title='bbox 1620 1097 1631 1130; x_wconf 84' lang='lat'>‚</span> <span class='ocrx_word' id='word_1_28' title='bbox 1647 1063 1694 1128; x_wconf 92' lang='lat' dir='ltr'>ut</span> <span class='ocrx_word' id='word_1_29' title='bbox 1707 1045 1911 1138; x_wconf 85' lang='lat' dir='ltr'>nimirum,</span> 
     </span>
     <span class='ocr_line' id='line_1_5' title="bbox 662 1153 1916 1274; baseline 0.002 -32"><span class='ocrx_word' id='word_1_30' title='bbox 662 1187 751 1242; x_wconf 88' lang='lat' dir='ltr'>cum</span> <span class='ocrx_word' id='word_1_31' title='bbox 767 1161 958 1246; x_wconf 81' lang='lat' dir='ltr'>humana,</span> <span class='ocrx_word' id='word_1_32' title='bbox 987 1159 1032 1240; x_wconf 74' lang='grc' dir='ltr'>δι</span> <span class='ocrx_word' id='word_1_33' title='bbox 1045 1156 1327 1274; x_wconf 80' lang='lat' dir='ltr'>Philosophica</span> <span class='ocrx_word' id='word_1_34' title='bbox 1352 1153 1609 1243; x_wconf 86' lang='lat' dir='ltr'>succederent</span> <span class='ocrx_word' id='word_1_35' title='bbox 1624 1159 1754 1246; x_wconf 90' lang='lat' dir='ltr'>minus</span> <span class='ocrx_word' id='word_1_36' title='bbox 1770 1215 1783 1250; x_wconf 78' lang='lat'>‚</span> <span class='ocrx_word' id='word_1_37' title='bbox 1799 1164 1916 1249; x_wconf 87' lang='lat' dir='ltr'>Divi·</span> 
     </span>
     <span class='ocr_line' id='line_1_6' title="bbox 662 1273 1328 1387; baseline 0.003 -29"><span class='ocrx_word' id='word_1_38' title='bbox 662 1305 712 1359; x_wconf 88' lang='lat' dir='ltr'>na</span> <span class='ocrx_word' id='word_1_39' title='bbox 728 1331 740 1368; x_wconf 89' lang='lat'><em>‚</em></span> <span class='ocrx_word' id='word_1_40' title='bbox 756 1279 800 1360; x_wconf 74' lang='grc' dir='ltr'>δε</span> <span class='ocrx_word' id='word_1_41' title='bbox 815 1273 1065 1387; x_wconf 82' lang='lat' dir='ltr'>Theologica</span> <span class='ocrx_word' id='word_1_42' title='bbox 1077 1305 1302 1362; x_wconf 78' lang='lat' dir='ltr'>curaremus</span> <span class='ocrx_word' id='word_1_43' title='bbox 1318 1341 1328 1360; x_wconf 94' lang='lat'><strong>.</strong></span> 
     </span>
     <span class='ocr_line' id='line_1_7' title="bbox 440 1391 1914 1511; baseline 0.004 -33"><span class='ocrx_word' id='word_1_44' title='bbox 440 1447 643 1506; x_wconf 66' lang='lat' dir='ltr'>observat-ne.</span> <span class='ocrx_word' id='word_1_45' title='bbox 729 1421 821 1490; x_wconf 91' lang='lat'><em>140.</em></span> <span class='ocrx_word' id='word_1_46' title='bbox 854 1391 986 1474; x_wconf 85' lang='lat' dir='ltr'>Effuso</span> <span class='ocrx_word' id='word_1_47' title='bbox 1002 1396 1162 1477; x_wconf 90' lang='lat' dir='ltr'>tandem</span> <span class='ocrx_word' id='word_1_48' title='bbox 1175 1397 1289 1506; x_wconf 87' lang='lat' dir='ltr'>gravi</span> <span class='ocrx_word' id='word_1_49' title='bbox 1305 1395 1432 1479; x_wconf 81' lang='lat' dir='ltr'>imbre</span> <span class='ocrx_word' id='word_1_50' title='bbox 1446 1395 1590 1478; x_wconf 86' lang='lat' dir='ltr'>Boreas</span> <span class='ocrx_word' id='word_1_51' title='bbox 1604 1399 1739 1511; x_wconf 86' lang='lat' dir='ltr'><strong>erupit</strong></span> <span class='ocrx_word' id='word_1_52' title='bbox 1756 1392 1822 1478; x_wconf 91' lang='lat' dir='ltr'>die</span> <span class='ocrx_word' id='word_1_53' title='bbox 1845 1423 1914 1484; x_wconf 88' lang='lat'>21.</span> 
     </span>
     <span class='ocr_line' id='line_1_8' title="bbox 409 1507 1918 1623; baseline -0.003 -23"><span class='ocrx_word' id='word_1_54' title='bbox 409 1529 438 1581; x_wconf 72' lang='lat'>³¹¹</span> <span class='ocrx_word' id='word_1_55' title='bbox 467 1543 551 1620; x_wconf 54' lang='grc' dir='ltr'>’παρτε</span> <span class='ocrx_word' id='word_1_56' title='bbox 587 1549 643 1600; x_wconf 74' lang='lat' dir='ltr'>rtr-</span> <span class='ocrx_word' id='word_1_57' title='bbox 664 1509 932 1623; x_wconf 77' lang='lat' dir='ltr'>Septembris,</span> <span class='ocrx_word' id='word_1_58' title='bbox 963 1511 1122 1621; x_wconf 89' lang='lat' dir='ltr'>quodie</span> <span class='ocrx_word' id='word_1_59' title='bbox 1136 1509 1343 1596; x_wconf 86' lang='lat' dir='ltr'>confestim</span> <span class='ocrx_word' id='word_1_60' title='bbox 1357 1511 1398 1590; x_wconf 88' lang='lat' dir='ltr'>in</span> <span class='ocrx_word' id='word_1_61' title='bbox 1411 1533 1593 1594; x_wconf 89' lang='lat' dir='ltr'>montem</span> <span class='ocrx_word' id='word_1_62' title='bbox 1611 1509 1798 1596; x_wconf 82' lang='lat' dir='ltr'>evasimus</span> <span class='ocrx_word' id='word_1_63' title='bbox 1816 1577 1823 1596; x_wconf 92' lang='lat'><strong>.</strong></span> <span class='ocrx_word' id='word_1_64' title='bbox 1840 1507 1918 1596; x_wconf 89' lang='lat' dir='ltr'>Us-</span> 
     </span>
     <span class='ocr_line' id='line_1_9' title="bbox 413 1621 1917 1741; baseline -0.001 -31"><span class='ocrx_word' id='word_1_65' title='bbox 413 1621 641 1741; x_wconf 54' lang='grc' dir='ltr'>ξξζωᾼῇἶῗωῖζ</span> <span class='ocrx_word' id='word_1_66' title='bbox 663 1655 738 1740; x_wconf 90' lang='lat' dir='ltr'>que</span> <span class='ocrx_word' id='word_1_67' title='bbox 755 1629 804 1709; x_wconf 83' lang='lat' dir='ltr'>ad</span> <span class='ocrx_word' id='word_1_68' title='bbox 817 1625 1058 1715; x_wconf 79' lang='lat' dir='ltr'>meridiem,</span> <span class='ocrx_word' id='word_1_69' title='bbox 1080 1655 1207 1738; x_wconf 86' lang='lat' dir='ltr'>eoque</span> <span class='ocrx_word' id='word_1_70' title='bbox 1219 1622 1388 1736; x_wconf 85' lang='lat' dir='ltr'>amplius</span> <span class='ocrx_word' id='word_1_71' title='bbox 1400 1621 1555 1712; x_wconf 85' lang='lat' dir='ltr'>nebulae</span> <span class='ocrx_word' id='word_1_72' title='bbox 1583 1651 1769 1713; x_wconf 87' lang='lat' dir='ltr'>texerunt</span> <span class='ocrx_word' id='word_1_73' title='bbox 1791 1630 1917 1714; x_wconf 84' lang='lat' dir='ltr'>verti-</span> 
     </span>
     <span class='ocr_line' id='line_1_10' title="bbox 407 1741 1919 1858; baseline 0.001 -32"><span class='ocrx_word' id='word_1_74' title='bbox 407 1759 525 1818; x_wconf 64' lang='lat' dir='ltr'>uelata.</span> <span class='ocrx_word' id='word_1_75' title='bbox 663 1771 752 1826; x_wconf 91' lang='lat' dir='ltr'>cem</span> <span class='ocrx_word' id='word_1_76' title='bbox 766 1801 782 1833; x_wconf 60' lang='lat' dir='ltr'>a</span> <span class='ocrx_word' id='word_1_77' title='bbox 810 1743 953 1855; x_wconf 87' lang='lat' dir='ltr'>quibus</span> <span class='ocrx_word' id='word_1_78' title='bbox 968 1741 1159 1857; x_wconf 78' lang='lat' dir='ltr'>dissipatis</span> <span class='ocrx_word' id='word_1_79' title='bbox 1171 1761 1198 1834; x_wconf 90' lang='lat'>·‚&#39;</span> <span class='ocrx_word' id='word_1_80' title='bbox 1217 1746 1262 1827; x_wconf 74' lang='grc' dir='ltr'>δι</span> <span class='ocrx_word' id='word_1_81' title='bbox 1275 1741 1532 1852; x_wconf 84' lang='lat' dir='ltr'>Spoletinus,</span> <span class='ocrx_word' id='word_1_82' title='bbox 1559 1747 1604 1829; x_wconf 73' lang='grc' dir='ltr'>ὅ(</span> <span class='ocrx_word' id='word_1_83' title='bbox 1618 1741 1820 1830; x_wconf 82' lang='lat' dir='ltr'>P&#39;erufinus</span> <span class='ocrx_word' id='word_1_84' title='bbox 1848 1771 1919 1858; x_wconf 80' lang='lat' dir='ltr'>ap·</span> 
     </span>
     <span class='ocr_line' id='line_1_11' title="bbox 663 1860 1918 1976; baseline 0.001 -34"><span class='ocrx_word' id='word_1_85' title='bbox 663 1861 799 1976; x_wconf 89' lang='lat' dir='ltr'>paruit</span> <span class='ocrx_word' id='word_1_86' title='bbox 812 1885 926 1943; x_wconf 86' lang='lat' dir='ltr'>mons</span> <span class='ocrx_word' id='word_1_87' title='bbox 941 1915 953 1949; x_wconf 85' lang='lat'><em>‚</em></span> <span class='ocrx_word' id='word_1_88' title='bbox 966 1862 1106 1942; x_wconf 84' lang='lat' dir='ltr'>Catria</span> <span class='ocrx_word' id='word_1_89' title='bbox 1122 1860 1249 1944; x_wconf 88' lang='lat' dir='ltr'>adbuc</span> <span class='ocrx_word' id='word_1_90' title='bbox 1268 1862 1460 1947; x_wconf 75' lang='lat' dir='ltr'>obtcd&#39;co.</span> <span class='ocrx_word' id='word_1_91' title='bbox 1494 1860 1569 1942; x_wconf 76' lang='lat' dir='ltr'>Sed</span> <span class='ocrx_word' id='word_1_92' title='bbox 1584 1865 1709 1945; x_wconf 77' lang='lat' dir='ltr'>borea</span> <span class='ocrx_word' id='word_1_93' title='bbox 1737 1865 1918 1973; x_wconf 83' lang='lat' dir='ltr'>ingrave-</span> 
     </span>
     <span class='ocr_line' id='line_1_12' title="bbox 665 1974 1916 2065; baseline 0.001 -4"><span class='ocrx_word' id='word_1_94' title='bbox 665 1977 797 2061; x_wconf 86' lang='lat' dir='ltr'>scente</span> <span class='ocrx_word' id='word_1_95' title='bbox 813 1977 973 2060; x_wconf 87' lang='lat' dir='ltr'>tandem</span> <span class='ocrx_word' id='word_1_96' title='bbox 988 2032 1001 2065; x_wconf 82' lang='lat'>‚</span> <span class='ocrx_word' id='word_1_97' title='bbox 1016 1981 1060 2064; x_wconf 81' lang='lat' dir='ltr'>dc</span> <span class='ocrx_word' id='word_1_98' title='bbox 1076 1980 1108 2062; x_wconf 85' lang='lat' dir='ltr'>is</span> <span class='ocrx_word' id='word_1_99' title='bbox 1121 1974 1277 2062; x_wconf 77' lang='lat' dir='ltr'>emersit</span> <span class='ocrx_word' id='word_1_100' title='bbox 1291 2006 1313 2061; x_wconf 90' lang='lat' dir='ltr'>e</span> <span class='ocrx_word' id='word_1_101' title='bbox 1326 1975 1480 2064; x_wconf 80' lang='lat' dir='ltr'>nebulis</span> <span class='ocrx_word' id='word_1_102' title='bbox 1497 2029 1508 2062; x_wconf 58' lang='grc' dir='ltr'><strong><em>ι</em></strong></span> <span class='ocrx_word' id='word_1_103' title='bbox 1535 1979 1580 2060; x_wconf 76' lang='lat' dir='ltr'>dc</span> <span class='ocrx_word' id='word_1_104' title='bbox 1595 1976 1916 2063; x_wconf 87' lang='lat' dir='ltr'>observationem</span> 
     </span>
     <span class='ocr_line' id='line_1_13' title="bbox 664 2090 1921 2208; baseline -0.003 -30"><span class='ocrx_word' id='word_1_105' title='bbox 664 2095 781 2179; x_wconf 90' lang='lat' dir='ltr'>licuit</span> <span class='ocrx_word' id='word_1_106' title='bbox 796 2091 1018 2206; x_wconf 82' lang='lat' dir='ltr'>perlicere,</span> <span class='ocrx_word' id='word_1_107' title='bbox 1044 2123 1165 2208; x_wconf 85' lang='lat' dir='ltr'>quam</span> <span class='ocrx_word' id='word_1_108' title='bbox 1180 2097 1370 2178; x_wconf 86' lang='lat' dir='ltr'>tamenin</span> <span class='ocrx_word' id='word_1_109' title='bbox 1389 2099 1553 2179; x_wconf 74' lang='lat' dir='ltr'>noctem</span> <span class='ocrx_word' id='word_1_110' title='bbox 1578 2090 1921 2206; x_wconf 85' lang='lat' dir='ltr'>ipsamproduxi·</span> 
     </span>
     <span class='ocr_line' id='line_1_14' title="bbox 664 2207 1918 2322; baseline -0.003 -26"><span class='ocrx_word' id='word_1_111' title='bbox 664 2241 772 2296; x_wconf 85' lang='lat' dir='ltr'>mus.</span> <span class='ocrx_word' id='word_1_112' title='bbox 806 2213 1017 2296; x_wconf 81' lang='lat' dir='ltr'>Itaaut&#39;em</span> <span class='ocrx_word' id='word_1_113' title='bbox 1034 2207 1345 2296; x_wconf 77' lang='lat' dir='ltr'>intensum&#39;erat</span> <span class='ocrx_word' id='word_1_114' title='bbox 1360 2207 1510 2322; x_wconf 83' lang='lat' dir='ltr'>frigus,</span> <span class='ocrx_word' id='word_1_115' title='bbox 1538 2209 1632 2293; x_wconf 91' lang='lat' dir='ltr'>dum</span> <span class='ocrx_word' id='word_1_116' title='bbox 1657 2211 1918 2296; x_wconf 84' lang='lat' dir='ltr'>instrumenta</span> 
     </span>
     <span class='ocr_line' id='line_1_15' title="bbox 663 2323 1918 2440; baseline -0.002 -28"><span class='ocrx_word' id='word_1_117' title='bbox 663 2355 977 2440; x_wconf 87' lang='lat' dir='ltr'>componerem,</span> <span class='ocrx_word' id='word_1_118' title='bbox 1007 2329 1109 2412; x_wconf 84' lang='lat' dir='ltr'>&amp;in</span> <span class='ocrx_word' id='word_1_119' title='bbox 1141 2355 1231 2410; x_wconf 84' lang='lat' dir='ltr'>arca</span> <span class='ocrx_word' id='word_1_120' title='bbox 1264 2324 1548 2412; x_wconf 83' lang='lat' dir='ltr'>concluderem</span> <span class='ocrx_word' id='word_1_121' title='bbox 1570 2380 1584 2417; x_wconf 77' lang='grc'><strong><em>,</em></strong></span> <span class='ocrx_word' id='word_1_122' title='bbox 1606 2349 1654 2408; x_wconf 89' lang='lat' dir='ltr'>ut</span> <span class='ocrx_word' id='word_1_123' title='bbox 1686 2353 1759 2440; x_wconf 88' lang='lat' dir='ltr'>per</span> <span class='ocrx_word' id='word_1_124' title='bbox 1788 2323 1918 2436; x_wconf 87' lang='lat' dir='ltr'>plures</span> 
     </span>
     <span class='ocr_line' id='line_1_16' title="bbox 663 2441 1916 2556; baseline -0.003 -27"><span class='ocrx_word' id='word_1_125' title='bbox 663 2441 810 2529; x_wconf 87' lang='lat' dir='ltr'>menses</span> <span class='ocrx_word' id='word_1_126' title='bbox 837 2471 972 2529; x_wconf 84' lang='lat' dir='ltr'>manus</span> <span class='ocrx_word' id='word_1_127' title='bbox 1003 2441 1164 2528; x_wconf 88' lang='lat' dir='ltr'>alterius</span> <span class='ocrx_word' id='word_1_128' title='bbox 1185 2443 1477 2556; x_wconf 75' lang='lat' dir='ltr'>·digitos.·aegre</span> <span class='ocrx_word' id='word_1_129' title='bbox 1507 2442 1652 2546; x_wconf 79' lang='lat' dir='ltr'>deinde</span> <span class='ocrx_word' id='word_1_130' title='bbox 1678 2443 1916 2528; x_wconf 83' lang='lat' dir='ltr'>contrahere</span> 
     </span>
     <span class='ocr_line' id='line_1_17' title="bbox 663 2556 1679 2677; baseline -0.001 -30"><span class='ocrx_word' id='word_1_131' title='bbox 663 2562 896 2676; x_wconf 87' lang='lat' dir='ltr'>potuerim,</span> <span class='ocrx_word' id='word_1_132' title='bbox 930 2584 1098 2677; x_wconf 89' lang='lat' dir='ltr'>torpore</span> <span class='ocrx_word' id='word_1_133' title='bbox 1111 2559 1286 2674; x_wconf 87' lang='lat' dir='ltr'>quodam</span> <span class='ocrx_word' id='word_1_134' title='bbox 1303 2556 1553 2673; x_wconf 81' lang='lat' dir='ltr'>oppressos.&#39;</span> <span class='ocrx_word' id='word_1_135' title='bbox 1624 2609 1628 2616; x_wconf 85' lang='lat'>-</span> <span class='ocrx_word' id='word_1_136' title='bbox 1676 2622 1679 2628; x_wconf 91' lang='lat'><em>-</em></span> 
     </span>
     <span class='ocr_line' id='line_1_18' title="bbox 452 2676 1920 2806; baseline -0.004 -42"><span class='ocrx_word' id='word_1_137' title='bbox 452 2757 619 2806; x_wconf 56' lang='lat' dir='ltr'>mom</span> <span class='ocrx_word' id='word_1_138' title='bbox 633 2681 645 2788; x_wconf 62' lang='lat' dir='ltr'><strong><em>J</em></strong></span> <span class='ocrx_word' id='word_1_139' title='bbox 727 2705 813 2777; x_wconf 83' lang='lat'>141.</span> <span class='ocrx_word' id='word_1_140' title='bbox 846 2677 1001 2763; x_wconf 91' lang='lat' dir='ltr'>Ibidem</span> <span class='ocrx_word' id='word_1_141' title='bbox 1016 2677 1193 2790; x_wconf 84' lang='lat' dir='ltr'>quodam</span> <span class='ocrx_word' id='word_1_142' title='bbox 1208 2679 1273 2762; x_wconf 87' lang='lat' dir='ltr'>die</span> <span class='ocrx_word' id='word_1_143' title='bbox 1291 2737 1302 2770; x_wconf 93' lang='lat'>,</span> <span class='ocrx_word' id='word_1_144' title='bbox 1319 2677 1415 2760; x_wconf 91' lang='lat' dir='ltr'>dum</span> <span class='ocrx_word' id='word_1_145' title='bbox 1434 2678 1559 2764; x_wconf 86' lang='lat' dir='ltr'>multa</span> <span class='ocrx_word' id='word_1_146' title='bbox 1575 2679 1657 2785; x_wconf 87' lang='lat' dir='ltr'>jam</span> <span class='ocrx_word' id='word_1_147' title='bbox 1677 2683 1798 2764; x_wconf 76' lang='lat' dir='ltr'>nocte</span> <span class='ocrx_word' id='word_1_148' title='bbox 1816 2676 1920 2789; x_wconf 80' lang='lat' dir='ltr'>vigi·</span> 
     </span>
     <span class='ocr_line' id='line_1_19' title="bbox 417 2787 1919 2906; baseline -0.003 -26"><span class='ocrx_word' id='word_1_149' title='bbox 417 2835 522 2899; x_wconf 64' lang='lat' dir='ltr'>gova,</span> <span class='ocrx_word' id='word_1_150' title='bbox 540 2791 642 2906; x_wconf 61' lang='lat' dir='ltr'>apos</span> <span class='ocrx_word' id='word_1_151' title='bbox 664 2787 785 2878; x_wconf 87' lang='lat' dir='ltr'>larem</span> <span class='ocrx_word' id='word_1_152' title='bbox 800 2793 958 2886; x_wconf 82' lang='lat' dir='ltr'>adhuc,</span> <span class='ocrx_word' id='word_1_153' title='bbox 985 2797 1030 2882; x_wconf 68' lang='grc' dir='ltr'>ὅ(</span> <span class='ocrx_word' id='word_1_154' title='bbox 1056 2792 1210 2880; x_wconf 75' lang='lat' dir='ltr'>litteras</span> <span class='ocrx_word' id='word_1_155' title='bbox 1242 2793 1292 2877; x_wconf 87' lang='lat' dir='ltr'>ad</span> <span class='ocrx_word' id='word_1_156' title='bbox 1318 2796 1574 2880; x_wconf 88' lang='lat' dir='ltr'>Cardinalem</span> <span class='ocrx_word' id='word_1_157' title='bbox 1589 2793 1824 2880; x_wconf 79' lang='lat' dir='ltr'>Veientium</span> <span class='ocrx_word' id='word_1_158' title='bbox 1854 2796 1919 2876; x_wconf 88' lang='lat' dir='ltr'>da·</span> 
     </span>
     <span class='ocr_line' id='line_1_20' title="bbox 390 2909 1918 3041; baseline 0.002 -50"><span class='ocrx_word' id='word_1_159' title='bbox 390 2909 637 3041; x_wconf 46' lang='lat' dir='ltr'>spssjt&#39;isgfm&#39;jtstss·</span> <span class='ocrx_word' id='word_1_160' title='bbox 664 2935 777 3000; x_wconf 78' lang='lat' dir='ltr'>rem,</span> <span class='ocrx_word' id='word_1_161' title='bbox 808 2939 928 3022; x_wconf 89' lang='lat' dir='ltr'>quem</span> <span class='ocrx_word' id='word_1_162' title='bbox 938 2940 1081 3000; x_wconf 88' lang='lat' dir='ltr'>eorum</span> <span class='ocrx_word' id='word_1_163' title='bbox 1098 2967 1111 3002; x_wconf 81' lang='lat'>‚</span> <span class='ocrx_word' id='word_1_164' title='bbox 1126 2939 1214 3025; x_wconf 81' lang='lat' dir='ltr'>quat</span> <span class='ocrx_word' id='word_1_165' title='bbox 1236 2910 1344 3026; x_wconf 86' lang='lat' dir='ltr'>gesta</span> <span class='ocrx_word' id='word_1_166' title='bbox 1360 2933 1471 2996; x_wconf 88' lang='lat' dir='ltr'>erant</span> <span class='ocrx_word' id='word_1_167' title='bbox 1489 2971 1499 3001; x_wconf 86' lang='lat'>‚</span> <span class='ocrx_word' id='word_1_168' title='bbox 1533 2915 1591 2997; x_wconf 85' lang='lat' dir='ltr'>bis</span> <span class='ocrx_word' id='word_1_169' title='bbox 1608 2916 1649 2995; x_wconf 91' lang='lat' dir='ltr'>in</span> <span class='ocrx_word' id='word_1_170' title='bbox 1663 2909 1918 3024; x_wconf 78' lang='lat' dir='ltr'>hebdomada</span> 
     </span>
     <span class='ocr_line' id='line_1_21' title="bbox 564 3019 1919 3142; baseline 0 -32"><span class='ocrx_word' id='word_1_171' title='bbox 564 3019 573 3040; x_wconf 79' lang='grc'>’</span> <span class='ocrx_word' id='word_1_172' title='bbox 665 3021 860 3112; x_wconf 77' lang='lat' dir='ltr'>faciebam</span> <span class='ocrx_word' id='word_1_173' title='bbox 877 3031 1094 3114; x_wconf 90' lang='lat' dir='ltr'>certiorem</span> <span class='ocrx_word' id='word_1_174' title='bbox 1114 3089 1125 3122; x_wconf 90' lang='lat'>,</span> <span class='ocrx_word' id='word_1_175' title='bbox 1156 3032 1284 3142; x_wconf 82' lang='lat' dir='ltr'>gravis</span> <span class='ocrx_word' id='word_1_176' title='bbox 1303 3029 1469 3140; x_wconf 87' lang='lat' dir='ltr'>repente</span> <span class='ocrx_word' id='word_1_177' title='bbox 1485 3052 1617 3114; x_wconf 86' lang='lat' dir='ltr'>totam</span> <span class='ocrx_word' id='word_1_178' title='bbox 1631 3026 1919 3112; x_wconf 82' lang='lat' dir='ltr'>domunculam</span> 
     </span>
     <span class='ocr_line' id='line_1_22' title="bbox 664 3141 1918 3258; baseline 0.001 -32"><span class='ocrx_word' id='word_1_179' title='bbox 664 3141 922 3230; x_wconf 89' lang='lat' dir='ltr'>Terremotus</span> <span class='ocrx_word' id='word_1_180' title='bbox 945 3146 1167 3234; x_wconf 75' lang='lat' dir='ltr'>concussit,</span> <span class='ocrx_word' id='word_1_181' title='bbox 1193 3145 1439 3258; x_wconf 89' lang='lat' dir='ltr'>quiquidem</span> <span class='ocrx_word' id='word_1_182' title='bbox 1465 3147 1568 3230; x_wconf 89' lang='lat' dir='ltr'>haud</span> <span class='ocrx_word' id='word_1_183' title='bbox 1599 3141 1802 3229; x_wconf 88' lang='lat' dir='ltr'>itamulto</span> <span class='ocrx_word' id='word_1_184' title='bbox 1822 3167 1918 3227; x_wconf 83' lang='lat' dir='ltr'>ante</span> 
     </span>
     <span class='ocr_line' id='line_1_23' title="bbox 662 3259 1913 3375; baseline 0.009 -35"><span class='ocrx_word' id='word_1_185' title='bbox 662 3259 852 3344; x_wconf 84' lang='lat' dir='ltr'>Gualdum</span> <span class='ocrx_word' id='word_1_186' title='bbox 869 3264 1046 3347; x_wconf 81' lang='lat' dir='ltr'>ricinum</span> <span class='ocrx_word' id='word_1_187' title='bbox 1071 3262 1296 3375; x_wconf 61' lang='lat' dir='ltr'>oppidum&gt;</span> <span class='ocrx_word' id='word_1_188' title='bbox 1324 3263 1368 3344; x_wconf 74' lang='grc' dir='ltr'>ἃ</span> <span class='ocrx_word' id='word_1_189' title='bbox 1384 3263 1515 3375; x_wconf 86' lang='lat' dir='ltr'>piures</span> <span class='ocrx_word' id='word_1_190' title='bbox 1541 3265 1653 3366; x_wconf 87' lang='lat' dir='ltr'>vicos</span> <span class='ocrx_word' id='word_1_191' title='bbox 1682 3283 1913 3352; x_wconf 77' lang='lat' dir='ltr'>everterat,</span> 
     </span>
     <span class='ocr_line' id='line_1_24' title="bbox 665 3373 1919 3493; baseline 0.005 -37"><span class='ocrx_word' id='word_1_192' title='bbox 665 3399 784 3481; x_wconf 90' lang='lat' dir='ltr'>quem</span> <span class='ocrx_word' id='word_1_193' title='bbox 802 3373 930 3489; x_wconf 90' lang='lat' dir='ltr'>ipsum</span> <span class='ocrx_word' id='word_1_194' title='bbox 940 3379 1068 3482; x_wconf 85' lang='lat' dir='ltr'>adjeci</span> <span class='ocrx_word' id='word_1_195' title='bbox 1093 3375 1224 3463; x_wconf 91' lang='lat' dir='ltr'>casum</span> <span class='ocrx_word' id='word_1_196' title='bbox 1250 3381 1293 3462; x_wconf 91' lang='lat' dir='ltr'>in</span> <span class='ocrx_word' id='word_1_197' title='bbox 1319 3407 1366 3460; x_wconf 87' lang='lat' dir='ltr'>ea</span> <span class='ocrx_word' id='word_1_198' title='bbox 1376 3379 1568 3493; x_wconf 84' lang='lat' dir='ltr'>epistola.</span> <span class='ocrx_word' id='word_1_199' title='bbox 1600 3386 1659 3463; x_wconf 85' lang='lat' dir='ltr'>At</span> <span class='ocrx_word' id='word_1_200' title='bbox 1676 3375 1808 3462; x_wconf 89' lang='lat' dir='ltr'>multo</span> <span class='ocrx_word' id='word_1_201' title='bbox 1828 3407 1919 3490; x_wconf 85' lang='lat' dir='ltr'>gra-</span> 
     </span>
     <span class='ocr_line' id='line_1_25' title="bbox 665 3490 1917 3607; baseline 0.005 -33"><span class='ocrx_word' id='word_1_202' title='bbox 665 3491 750 3575; x_wconf 86' lang='lat' dir='ltr'>vius</span> <span class='ocrx_word' id='word_1_203' title='bbox 764 3492 988 3606; x_wconf 87' lang='lat' dir='ltr'>periculum</span> <span class='ocrx_word' id='word_1_204' title='bbox 1005 3523 1077 3607; x_wconf 89' lang='lat' dir='ltr'>per</span> <span class='ocrx_word' id='word_1_205' title='bbox 1089 3521 1157 3578; x_wconf 87' lang='lat' dir='ltr'>eos</span> <span class='ocrx_word' id='word_1_206' title='bbox 1169 3496 1253 3579; x_wconf 87' lang='lat' dir='ltr'>dies</span> <span class='ocrx_word' id='word_1_207' title='bbox 1271 3490 1395 3581; x_wconf 90' lang='lat' dir='ltr'>subiit</span> <span class='ocrx_word' id='word_1_208' title='bbox 1408 3497 1596 3591; x_wconf 84' lang='lat' dir='ltr'>Mairius,</span> <span class='ocrx_word' id='word_1_209' title='bbox 1616 3499 1659 3580; x_wconf 83' lang='lat' dir='ltr'>dc</span> <span class='ocrx_word' id='word_1_210' title='bbox 1673 3493 1823 3592; x_wconf 64' lang='lat' dir='ltr'>Diuina</span> <span class='ocrx_word' id='word_1_211' title='bbox 1837 3523 1917 3606; x_wconf 90' lang='lat' dir='ltr'>ope</span> 
     </span>
     <span class='ocr_line' id='line_1_26' title="bbox 666 3607 1916 3698; baseline 0.003 -7"><span class='ocrx_word' id='word_1_212' title='bbox 666 3609 811 3694; x_wconf 84' lang='lat' dir='ltr'>evasrt.</span> <span class='ocrx_word' id='word_1_213' title='bbox 841 3613 951 3696; x_wconf 89' lang='lat' dir='ltr'>Dum</span> <span class='ocrx_word' id='word_1_214' title='bbox 968 3609 1017 3693; x_wconf 91' lang='lat' dir='ltr'>de</span> <span class='ocrx_word' id='word_1_215' title='bbox 1034 3637 1147 3696; x_wconf 88' lang='lat' dir='ltr'>more</span> <span class='ocrx_word' id='word_1_216' title='bbox 1158 3635 1340 3696; x_wconf 90' lang='lat' dir='ltr'>montem</span> <span class='ocrx_word' id='word_1_217' title='bbox 1364 3607 1716 3698; x_wconf 88' lang='lat' dir='ltr'>conscenderemus</span> <span class='ocrx_word' id='word_1_218' title='bbox 1734 3666 1745 3698; x_wconf 79' lang='lat'>‚</span> <span class='ocrx_word' id='word_1_219' title='bbox 1762 3612 1916 3695; x_wconf 82' lang='lat' dir='ltr'>itineris</span> 
     </span>
     <span class='ocr_line' id='line_1_27' title="bbox 664 3724 1914 3842; baseline 0.003 -36"><span class='ocrx_word' id='word_1_220' title='bbox 664 3724 746 3808; x_wconf 85' lang='lat' dir='ltr'>dux</span> <span class='ocrx_word' id='word_1_221' title='bbox 760 3757 830 3840; x_wconf 89' lang='lat' dir='ltr'>pet</span> <span class='ocrx_word' id='word_1_222' title='bbox 843 3729 1100 3820; x_wconf 85' lang='lat' dir='ltr'>breviorem,</span> <span class='ocrx_word' id='word_1_223' title='bbox 1128 3732 1173 3813; x_wconf 77' lang='grc' dir='ltr'>δι</span> <span class='ocrx_word' id='word_1_224' title='bbox 1187 3726 1267 3815; x_wconf 87' lang='lat' dir='ltr'>sere</span> <span class='ocrx_word' id='word_1_225' title='bbox 1284 3729 1332 3812; x_wconf 86' lang='lat' dir='ltr'>ad</span> <span class='ocrx_word' id='word_1_226' title='bbox 1352 3728 1683 3842; x_wconf 87' lang='lat' dir='ltr'>perpendiculum</span> <span class='ocrx_word' id='word_1_227' title='bbox 1712 3730 1914 3814; x_wconf 63' lang='lat' dir='ltr'>erectam</span> 
     </span>
     <span class='ocr_line' id='line_1_28' title="bbox 664 3839 1916 3960; baseline -0.003 -32"><span class='ocrx_word' id='word_1_228' title='bbox 664 3839 841 3928; x_wconf 87' lang='lat' dir='ltr'>semitam</span> <span class='ocrx_word' id='word_1_229' title='bbox 869 3872 942 3930; x_wconf 83' lang='lat' dir='ltr'>nos</span> <span class='ocrx_word' id='word_1_230' title='bbox 960 3843 1136 3954; x_wconf 86' lang='lat' dir='ltr'>quodam</span> <span class='ocrx_word' id='word_1_231' title='bbox 1167 3845 1231 3929; x_wconf 93' lang='lat' dir='ltr'>die</span> <span class='ocrx_word' id='word_1_232' title='bbox 1258 3845 1476 3960; x_wconf 78' lang='lat' dir='ltr'>perduxit.</span> <span class='ocrx_word' id='word_1_233' title='bbox 1507 3849 1593 3960; x_wconf 86' lang='lat' dir='ltr'>Ego</span> <span class='ocrx_word' id='word_1_234' title='bbox 1610 3845 1775 3958; x_wconf 86' lang='lat' dir='ltr'>quidem</span> <span class='ocrx_word' id='word_1_235' title='bbox 1800 3861 1916 3926; x_wconf 77' lang='lat' dir='ltr'>aetate</span> 
     </span>
     <span class='ocr_line' id='line_1_29' title="bbox 667 3956 1916 4078; baseline -0.004 -34"><span class='ocrx_word' id='word_1_236' title='bbox 667 3957 882 4054; x_wconf 88' lang='lat' dir='ltr'>floridior,</span> <span class='ocrx_word' id='word_1_237' title='bbox 910 3989 955 4044; x_wconf 88' lang='lat' dir='ltr'>ac</span> <span class='ocrx_word' id='word_1_238' title='bbox 984 3963 1161 4054; x_wconf 85' lang='lat' dir='ltr'>viribus,</span> <span class='ocrx_word' id='word_1_239' title='bbox 1193 3960 1378 4077; x_wconf 89' lang='lat' dir='ltr'>periculo</span> <span class='ocrx_word' id='word_1_240' title='bbox 1407 3987 1639 4049; x_wconf 80' lang='lat' dir='ltr'>commotus</span> <span class='ocrx_word' id='word_1_241' title='bbox 1658 3962 1781 4078; x_wconf 86' lang='lat' dir='ltr'>pedes</span> <span class='ocrx_word' id='word_1_242' title='bbox 1812 3956 1916 4042; x_wconf 90' lang='lat' dir='ltr'>subi·</span> 
     </span>
     <span class='ocr_line' id='line_1_30' title="bbox 664 4078 1951 4191; baseline -0.005 -29"><span class='ocrx_word' id='word_1_243' title='bbox 664 4079 769 4168; x_wconf 88' lang='lat' dir='ltr'>bam;</span> <span class='ocrx_word' id='word_1_244' title='bbox 786 4078 949 4160; x_wconf 86' lang='lat' dir='ltr'>Mairius</span> <span class='ocrx_word' id='word_1_245' title='bbox 964 4083 1126 4190; x_wconf 87' lang='lat' dir='ltr'>gravior</span> <span class='ocrx_word' id='word_1_246' title='bbox 1139 4081 1260 4169; x_wconf 85' lang='lat' dir='ltr'>annis,</span> <span class='ocrx_word' id='word_1_247' title='bbox 1281 4107 1386 4191; x_wconf 87' lang='lat' dir='ltr'>equo</span> <span class='ocrx_word' id='word_1_248' title='bbox 1402 4081 1645 4175; x_wconf 81' lang='lat' dir='ltr'>vehebatu13</span> <span class='ocrx_word' id='word_1_249' title='bbox 1667 4107 1761 4164; x_wconf 92' lang='lat' dir='ltr'>cum</span> <span class='ocrx_word' id='word_1_250' title='bbox 1777 4101 1915 4188; x_wconf 88' lang='lat' dir='ltr'>repen·</span> <span class='ocrx_word' id='word_1_251' title='bbox 1948 4122 1951 4126; x_wconf 90' lang='lat'><em>-</em></span> 
     </span>
     <span class='ocr_line' id='line_1_31' title="bbox 662 4185 1927 4310; baseline -0.006 -32"><span class='ocrx_word' id='word_1_252' title='bbox 662 4215 704 4278; x_wconf 85' lang='lat' dir='ltr'>te</span> <span class='ocrx_word' id='word_1_253' title='bbox 720 4189 862 4286; x_wconf 70' lang='lat' dir='ltr'>fascizi,</span> <span class='ocrx_word' id='word_1_254' title='bbox 893 4220 972 4304; x_wconf 86' lang='lat' dir='ltr'>qua</span> <span class='ocrx_word' id='word_1_255' title='bbox 994 4197 1232 4310; x_wconf 88' lang='lat' dir='ltr'>ephippium</span> <span class='ocrx_word' id='word_1_256' title='bbox 1248 4199 1407 4310; x_wconf 79' lang='lat' dir='ltr'>ped&#39;cori</span> <span class='ocrx_word' id='word_1_257' title='bbox 1422 4199 1514 4307; x_wconf 91' lang='lat' dir='ltr'>equi</span> <span class='ocrx_word' id='word_1_258' title='bbox 1532 4199 1793 4309; x_wconf 82' lang='lat' dir='ltr'>adstringitur</span> <span class='ocrx_word' id='word_1_259' title='bbox 1811 4185 1927 4303; x_wconf 64' lang='lat' dir='ltr'>‚dif-¹¹</span> 
     </span>
     <span class='ocr_line' id='line_1_32' title="bbox 664 4306 1917 4428; baseline -0.008 -28"><span class='ocrx_word' id='word_1_260' title='bbox 664 4306 813 4400; x_wconf 54' lang='lat' dir='ltr'>finili,</span> <span class='ocrx_word' id='word_1_261' title='bbox 840 4313 872 4394; x_wconf 86' lang='lat' dir='ltr'>is</span> <span class='ocrx_word' id='word_1_262' title='bbox 887 4336 979 4396; x_wconf 87' lang='lat' dir='ltr'>cour</span> <span class='ocrx_word' id='word_1_263' title='bbox 998 4335 1094 4398; x_wconf 92' lang='lat' dir='ltr'>toto</span> <span class='ocrx_word' id='word_1_264' title='bbox 1111 4310 1199 4427; x_wconf 91' lang='lat' dir='ltr'>ipso</span> <span class='ocrx_word' id='word_1_265' title='bbox 1213 4315 1409 4426; x_wconf 86' lang='lat' dir='ltr'>ephippio</span> <span class='ocrx_word' id='word_1_266' title='bbox 1434 4342 1507 4426; x_wconf 90' lang='lat' dir='ltr'>pet</span> <span class='ocrx_word' id='word_1_267' title='bbox 1523 4317 1615 4428; x_wconf 90' lang='lat' dir='ltr'>equi</span> <span class='ocrx_word' id='word_1_268' title='bbox 1627 4310 1791 4399; x_wconf 90' lang='lat' dir='ltr'>dorsum</span> <span class='ocrx_word' id='word_1_269' title='bbox 1806 4330 1917 4390; x_wconf 87' lang='lat' dir='ltr'>retro</span> 
     </span>
     <span class='ocr_line' id='line_1_33' title="bbox 611 4420 1916 4545; baseline -0.005 -35"><span class='ocrx_word' id='word_1_270' title='bbox 611 4436 616 4451; x_wconf 86' lang='lat'><strong><em>‘</em></strong></span> <span class='ocrx_word' id='word_1_271' title='bbox 662 4427 770 4510; x_wconf 90' lang='lat' dir='ltr'>inter</span> <span class='ocrx_word' id='word_1_272' title='bbox 783 4420 1042 4511; x_wconf 84' lang='lat' dir='ltr'>saxa&#39;corruit</span> <span class='ocrx_word' id='word_1_273' title='bbox 1056 4457 1230 4544; x_wconf 81' lang='lat' dir='ltr'>praeceps</span> <span class='ocrx_word' id='word_1_274' title='bbox 1248 4459 1333 4521; x_wconf 90' lang='lat' dir='ltr'>,me</span> <span class='ocrx_word' id='word_1_275' title='bbox 1347 4428 1397 4514; x_wconf 85' lang='lat' dir='ltr'>ad</span> <span class='ocrx_word' id='word_1_276' title='bbox 1412 4453 1569 4516; x_wconf 86' lang='lat' dir='ltr'>tantum</span> <span class='ocrx_word' id='word_1_277' title='bbox 1582 4425 1810 4545; x_wconf 88' lang='lat' dir='ltr'>periculum</span> <span class='ocrx_word' id='word_1_278' title='bbox 1828 4425 1916 4507; x_wconf 94' lang='lat' dir='ltr'>hor·</span> 
     </span>
     <span class='ocr_line' id='line_1_34' title="bbox 662 4540 1914 4663; baseline -0.006 -35"><span class='ocrx_word' id='word_1_279' title='bbox 662 4571 754 4628; x_wconf 88' lang='lat' dir='ltr'>rore</span> <span class='ocrx_word' id='word_1_280' title='bbox 769 4546 928 4656; x_wconf 85' lang='lat' dir='ltr'>penitus</span> <span class='ocrx_word' id='word_1_281' title='bbox 941 4550 1197 4634; x_wconf 86' lang='lat' dir='ltr'>exanimato.</span> <span class='ocrx_word' id='word_1_282' title='bbox 1230 4553 1446 4658; x_wconf 87' lang='lat' dir='ltr'>Nunquam</span> <span class='ocrx_word' id='word_1_283' title='bbox 1461 4551 1580 4634; x_wconf 81' lang='lat' dir='ltr'>nobit.</span> <span class='ocrx_word' id='word_1_284' title='bbox 1592 4542 1825 4663; x_wconf 82' lang='lat' dir='ltr'>praesentius</span> <span class='ocrx_word' id='word_1_285' title='bbox 1839 4540 1914 4625; x_wconf 87' lang='lat' dir='ltr'>Dei</span> 
     </span>
    </p>
   </div>
   <div class='ocr_carea' id='block_1_3' title="bbox 663 4655 1916 4776">
    <p class='ocr_par' dir='ltr' id='par_1_3' title="bbox 663 4655 1916 4776">
     <span class='ocr_line' id='line_1_35' title="bbox 663 4655 1916 4776; baseline -0.004 -32"><span class='ocrx_word' id='word_1_286' title='bbox 663 4663 714 4744; x_wconf 91' lang='lat' dir='ltr'>O.</span> <span class='ocrx_word' id='word_1_287' title='bbox 729 4662 787 4744; x_wconf 90' lang='lat' dir='ltr'>M.</span> <span class='ocrx_word' id='word_1_288' title='bbox 805 4659 1027 4771; x_wconf 77' lang='lat' dir='ltr'>praesidium</span> <span class='ocrx_word' id='word_1_289' title='bbox 1053 4662 1208 4750; x_wconf 87' lang='lat' dir='ltr'>adfuit.</span> <span class='ocrx_word' id='word_1_290' title='bbox 1242 4667 1423 4750; x_wconf 75' lang='lat' dir='ltr'>Surrexit</span> <span class='ocrx_word' id='word_1_291' title='bbox 1439 4663 1602 4776; x_wconf 82' lang='lat' dir='ltr'>prorsus</span> <span class='ocrx_word' id='word_1_292' title='bbox 1617 4659 1759 4747; x_wconf 82' lang='lat' dir='ltr'>illaesus</span> <span class='ocrx_word' id='word_1_293' title='bbox 1776 4717 1786 4751; x_wconf 85' lang='lat'>‚</span> <span class='ocrx_word' id='word_1_294' title='bbox 1802 4663 1846 4744; x_wconf 76' lang='grc' dir='ltr'>δε</span> <span class='ocrx_word' id='word_1_295' title='bbox 1861 4655 1916 4740; x_wconf 83' lang='lat' dir='ltr'>al·</span> 
     </span>
    </p>
   </div>
   <div class='ocr_carea' id='block_1_4' title="bbox 663 4774 1915 5020">
    <p class='ocr_par' dir='ltr' id='par_1_4' title="bbox 663 4774 1915 5020">
     <span class='ocr_line' id='line_1_36' title="bbox 663 4774 1915 4895; baseline 0.01 -38"><span class='ocrx_word' id='word_1_296' title='bbox 663 4774 787 4888; x_wconf 83' lang='lat' dir='ltr'>ligata</span> <span class='ocrx_word' id='word_1_297' title='bbox 804 4775 948 4866; x_wconf 73' lang='lat' dir='ltr'>tascie,</span> <span class='ocrx_word' id='word_1_298' title='bbox 983 4801 1101 4895; x_wconf 86' lang='lat' dir='ltr'>atque</span> <span class='ocrx_word' id='word_1_299' title='bbox 1130 4783 1274 4868; x_wconf 65' lang='lat' dir='ltr'>arctius</span> <span class='ocrx_word' id='word_1_300' title='bbox 1295 4782 1508 4875; x_wconf 75' lang='lat' dir='ltr'>adstrieta,</span> <span class='ocrx_word' id='word_1_301' title='bbox 1535 4782 1682 4869; x_wconf 87' lang='lat' dir='ltr'>eodem</span> <span class='ocrx_word' id='word_1_302' title='bbox 1706 4807 1824 4893; x_wconf 79' lang='lat' dir='ltr'>aequo</span> <span class='ocrx_word' id='word_1_303' title='bbox 1843 4778 1915 4860; x_wconf 73' lang='lat' dir='ltr'>ill-¹</span> 
     </span>
     <span class='ocr_line' id='line_1_37' title="bbox 670 4887 1491 5020; baseline 0.011 -48"><span class='ocrx_word' id='word_1_304' title='bbox 670 4887 862 4984; x_wconf 86' lang='lat' dir='ltr'>summum</span> <span class='ocrx_word' id='word_1_305' title='bbox 877 4899 1194 5020; x_wconf 36' lang='lat' dir='ltr'>montem-erasit</span> <span class='ocrx_word' id='word_1_306' title='bbox 1212 4898 1449 4989; x_wconf 86' lang='lat' dir='ltr'>incolumnis</span> <span class='ocrx_word' id='word_1_307' title='bbox 1465 4890 1491 4982; x_wconf 79' lang='lat'>.‘</span> 
     </span>
    </p>
   </div>
   <div class='ocr_carea' id='block_1_5' title="bbox 1730 5019 1920 5115">
    <p class='ocr_par' dir='ltr' id='par_1_5' title="bbox 1730 5019 1920 5115">
     <span class='ocr_line' id='line_1_38' title="bbox 1730 5019 1920 5115; baseline -0.011 -13"><span class='ocrx_word' id='word_1_308' title='bbox 1730 5043 1822 5115; x_wconf 87' lang='lat'>142.</span> <span class='ocrx_word' id='word_1_309' title='bbox 1841 5019 1920 5101; x_wconf 89' lang='lat' dir='ltr'>Po·</span> 
     </span>
    </p>
   </div>
   <div class='ocr_carea' id='block_1_6' title="bbox 0 0 2094 5748">
    <p class='ocr_par' dir='ltr' id='par_1_6' title="bbox 0 0 2094 5748">
     <span class='ocr_line' id='line_1_39' title="bbox 0 0 2094 5748; baseline 0 0"><span class='ocrx_word' id='word_1_310' title='bbox 0 0 2094 5748; x_wconf 95' lang='lat' dir='ltr'> </span> 
     </span>
    </p>
   </div>
  </div>
 </body>
</html>
