4178 5748
672 625 755 704 ru
1011 604 1571 694 OPUSCULUM

665 715 949 835 nequidquam
968 718 1221 810 suboluerat.
1252 721 1328 807 Sed
1342 718 1650 809 Refraerronum
1664 717 1919 828 docirinam,

666 838 857 934 adhibitis
874 839 926 924 ad
954 837 1410 960 QuadrantesDioptris
1437 834 1711 952 Telescopicis
1737 831 1931 926 absolve-¹

589 1015 593 1026 κ
665 981 708 1037 re
724 955 829 1041 haud
848 960 908 1042 ira
934 963 1101 1042 arduum
1128 979 1239 1050 erat;
1268 957 1582 1042 Aberrationum
1596 953 1920 1070 Theoriamper·

666 1069 786 1156 licere
799 1104 820 1158 e
833 1076 1046 1180 ‘contrario
1062 1071 1370 1165 difficillimum,
1398 1101 1491 1158 cum
1515 1098 1576 1155 eas
1588 1065 1827 1186 Telescopia
1845 1075 1913 1156 de·

665 1211 851 1302 tegerent
865 1194 1059 1305 quidem,
1091 1187 1158 1274 sed
1173 1195 1217 1274 in
1230 1189 1318 1274 aliis
1332 1213 1450 1303 atque
1468 1186 1556 1272 aliis
1582 1185 1701 1272 stellis
1717 1211 1799 1271 tam
1812 1191 1917 1276 inter

663 1301 702 1390 se
730 1305 926 1397 diversas,
959 1333 1119 1418 tamque
1138 1304 1431 1393 incredibiliter
1450 1307 1650 1394 variatas,
1674 1327 1723 1388 ut
1753 1300 1923 1391 difficul-

664 1426 762 1510 tatis
793 1424 901 1509 istius
930 1421 1083 1512 solutio
1121 1423 1416 1540 propemodum
1439 1417 1653 1534 ‘desperata
1690 1419 1916 1514 videretur.

616 1599 620 1608 -
664 1543 718 1624 Ea
736 1564 869 1626 tamen
887 1569 971 1624 non
986 1537 1145 1630 soluta,
1171 1543 1259 1630 fieri
1273 1540 1444 1624 omnino
1462 1565 1546 1619 non
1558 1559 1755 1649 poterat,
1790 1559 1835 1621 ut
1847 1545 1920 1626 La·

664 1652 854 1742 titudinis
871 1659 1045 1744 duorum
1059 1655 1247 1745 locorum
1274 1656 1503 1742 differentia
1518 1651 1817 1746 innotesceret,
1848 1655 1919 1742 nisr

663 1777 809 1858 eodem
823 1795 1005 1886 tempore
1028 1777 1070 1856 in
1087 1773 1253 1858 eandem
1277 1770 1430 1861 stellam
1453 1766 1730 1855 observatores
1746 1772 1831 1856 duo
1858 1773 1918 1857 di-

665 1886 783 1974 versis
797 1896 836 1972 in
859 1891 961 1972 locis
991 1889 1256 1976 Instrumenta
1269 1889 1516 2000 dirigerent.
1545 1886 1684 1997 Itaque
1713 1887 1813 1972 nihil
1844 1893 1919 1974 mi-

662 2035 777 2095 rum,
814 2001 841 2088 s1
879 2007 1069 2116 quamdiu
1098 2009 1172 2092 hac
1208 2002 1444 2092 difficultate
1475 2003 1759 2113 laborabatur,
1786 2009 1917 2117 prima

665 2123 913 2210 tentamina,
928 2126 1052 2207 etiam
1071 2119 1403 2237 Telescopiorum
1422 2149 1500 2233 ope
1518 2116 1708 2209 subnixa,
1728 2122 1922 2230 quemad·-

663 2240 835 2325 modum
862 2235 913 2324 ad
944 2237 1164 2324 mensuram
1192 2240 1335 2354 gradus
1361 2232 1628 2320 deliniendam
1644 2243 1917 2348 quamproxi-

663 2383 727 2438 me
755 2353 1024 2447 accederunt,
1053 2362 1112 2440 ita
1128 2355 1178 2439 ad
1203 2354 1398 2468 graduum
1424 2347 1667 2464 fingulorurn
1694 2351 1915 2441 incremen-

661 2489 733 2560 ta,
758 2495 829 2556 aut
853 2472 1109 2560 decrementa
1135 2466 1468 2559 internoscenda,
1497 2495 1574 2580 qua
1600 2491 1650 2550 ex
1675 2497 1719 2551 re
1743 2465 1914 2558 Telluris

662 2588 806 2701 Figura
833 2585 1061 2704 pendebat,
1092 2617 1233 2706 parum
1269 2583 1516 2678 admodum,
1547 2603 1616 2670 aut
1646 2586 1785 2696 potius
1814 2589 1914 2674 nihil

663 2703 965 2793 contulerunt,

415 2820 1917 3054 tlrrl‘l‘2‘2·usalis,Psillis,dlllmdssssslrllll‚lplssgllt
1951 3001 1956 3008 .

660 3053 831 3170 implexi
856 3057 973 3165 hujus
1010 3059 1277 3147 Problematis
1304 3055 1534 3149 solutione,
1563 3057 1663 3174 quid
1695 3057 1912 3144 nimirum,

658 3171 778 3260 esset,
809 3175 919 3286 quod
935 3201 1079 3261 annuas
1106 3175 1221 3266 hasce
1248 3179 1340 3265 situs
1365 3181 1635 3267 mutationes,
1666 3173 1712 3255 δε
1738 3201 1800 3258 eas
1824 3174 1915 3289 qui·

657 3288 752 3373 dem
782 3291 890 3373 inter
916 3288 954 3374 se
981 3317 1064 3377 tam
1095 3293 1367 3409 discrepantes
1392 3298 1434 3378 in
1460 3296 1564 3380 Fixis
1589 3287 1790 3377 efficeret.
1817 3296 1911 3376 Eam

658 3401 1175 3496 adinvenitsolertilsrmum
1190 3413 1254 3498 Cl.
1273 3410 1692 3524 Bradleiiingenium2
1718 3411 1790 3519 qui
1802 3410 1913 3522 post·

655 3550 776 3634 quam
803 3520 956 3610 idoneo
991 3527 1263 3616 Instrumento
1289 3525 1348 3614 sat
1375 3553 1562 3641 magnam
1585 3522 1911 3615 observationum

657 3641 819 3752 copiam
843 3638 1133 3755 comperisset,
1164 3677 1207 3731 re
1224 3669 1377 3732 mature
1396 3638 1678 3738 considerata,
1705 3637 1755 3722 ad
1778 3663 1913 3730 extre-

656 3784 768 3840 mum
781 3755 1073 3874 deprehendit,
1101 3763 1397 3849 Phaenomenon
1425 3755 1554 3851 illud,
1582 3756 1697 3874 quod
1719 3757 1914 3846 Astrono·

655 3902 744 3958 mos
758 3901 897 3959 omnes
913 3877 1064 3962 tamdiu
1082 3876 1222 3966 frustra
1238 3877 1435 3970 torserat,
1464 3872 1682 3964 succeffivae
1700 3873 1802 3960 lucis
1817 3903 1911 3990 pro·

655 3991 869 4102 pagationi
882 3990 1041 4077 deberi.
1060 3998 1117 4080 Ex
1132 3996 1206 4082 hac
1220 3997 1327 4080 enim
1339 3997 1527 4107 consequi
1543 3995 1782 4078 uarietatem
1797 3989 1905 4075 illam

654 4134 818 4191 omnem
846 4112 1151 4204 mutationum,
1176 4141 1264 4227 quae
1280 4125 1433 4199 tantam
1449 4107 1702 4198 Problemati
1731 4107 1793 4194 illi
1813 4106 1911 4190 cali·

653 4223 789 4336 ginem
805 4222 1031 4312 offuderat.
1061 4229 1291 4342 Itaquehoc
1305 4229 1417 4316 velut
1431 4227 1648 4312 Ariadnaeo
1663 4222 1736 4311 filo
1751 4224 1911 4310 nosdu·

649 4359 793 4430 cente,
812 4367 896 4452 quo
910 4341 1103 4454 quaelibet
1116 4346 1227 4433 stella
1240 4350 1384 4460 quovis
1397 4345 1488 4429 anni
1504 4365 1714 4458 tempore,
1733 4343 1911 4458 &quan-

654 4477 742 4546 tum
769 4457 1009 4572 divagetur,
1037 4464 1139 4550 adeo
1173 4458 1305 4549 secure
1340 4463 1682 4578 praenuntiamus,
1706 4479 1754 4544 ut
1782 4459 1911 4565 major

650 4605 745 4664 curn
769 4577 969 4661 Autboris
991 4579 1165 4664 Theoria
1193 4575 1399 4694 consensio
1428 4609 1511 4664 non
1539 4576 1637 4664 dico
1669 4573 1907 4663 deficies-ari,

649 4695 716 4782 sed
728 4723 779 4779 ne
792 4691 940 4810 sperari
950 4695 1114 4808 quidem
1126 4696 1234 4811 posse
1248 4698 1450 4783 uideatur.
1466 4701 1636 4781 Norunt
1646 4696 1755 4781 enim
1768 4691 1907 4779 Astro-

623 4833 632 4854 ·
651 4814 766 4900 nomi
792 4811 941 4900 nullam
957 4811 1118 4927 prorsus
1132 4843 1181 4901 ex
1200 4809 1565 4904 observationibus
1594 4818 1706 4908 circa
1721 4815 1903 5015 Fixprbum

1848 4953 1909 5034 er·
