4156 5752
666 604 755 678 ιω
1016 569 1614 662 OPUSGULUM'

525 781 528 784 ,
663 691 776 780 modi
793 713 875 774 non
906 683 1098 774 habeatur
1112 741 1125 772 .·
1153 692 1240 801 Jam
1255 717 1354 778 uero
1368 689 1484 773 nobis
1499 683 1615 774 facile
1630 681 1708 774 fuit
1729 685 1932 773 itacollo,

564 815 566 818 ’
667 839 760 898 care
776 804 869 898 fila,
888 805 1058 892 utnulla
1075 806 1285 894 haberetur
1298 800 1493 914 ejusmodi
1508 803 1721 919 parallaxis
1736 861 1748 896 ,
1764 803 1933 892 educen-

669 930 726 1013 do
752 921 934 1009 tubulum
950 925 1118 1016 OIKN,
1148 921 1210 1012 uel
1236 921 1521 1038 protrudendo
1549 919 1798 1014 introrsum,
1822 925 1934 1036 quod

672 1044 836 1160 quidem
854 1041 1061 1150 majorevi
1080 1041 1267 1129 adhibita
1285 1039 1373 1126 fieri
1386 1063 1557 1155 poterae
1575 1063 1695 1126 motu
1723 1041 1936 1129 continua·

675 1185 723 1246 to
737 1214 749 1247 ,
765 1162 809 1246 &
825 1157 901 1243 srne
917 1154 1003 1244 ullo
1018 1154 1196 1255 subsultu
1211 1162 1299 1251 ita,
1327 1178 1375 1244 ut
1391 1155 1590 1272 pofitione
1604 1156 1804 1263 ejusmodi
1813 1153 1932 1247 semel

676 1271 933 1366 inventafine
948 1277 1102 1388 ingenti
1117 1277 1260 1363 itidem
1273 1276 1316 1360 vi
1328 1279 1468 1362 eadem
1484 1276 1728 1362 commutari
1743 1276 1932 1388 deinceps

681 1421 762 1480 non
777 1390 909 1507 pollet
924 1458 933 1477 .
951 1391 1002 1478 Et
1020 1393 1185 1505 quidem
1201 1392 1319 1481 semel
1333 1389 1550 1478 collocatis
1580 1387 1657 1476 filis
1675 1385 1928 1500 ejusmodiin

676 1508 746 1597 sua
758 1506 862 1600 sede,
874 1537 1075 1623 nunquam
1089 1513 1188 1596 mihi
1198 1513 1399 1626 contigit,
1414 1531 1461 1596 ut
1476 1508 1588 1594 illam
1601 1509 1723 1598 aliam
1735 1511 1932 1598 mutatio·

677 1637 768 1716 nem
787 1624 870 1714 soci
884 1681 895 1718 ,
910 1629 956 1712 &
971 1625 1206 1738 parallaxim
1222 1631 1400 1714 riderem
1413 1682 1426 1716 ,
1440 1657 1559 1740 quam
1581 1627 1878 1714 Condaminius
1891 1630 1932 1712 ἃ

677 1746 922 1860 Bougueriur
946 1739 1215 1832 obsernarunt
1241 1744 1481 1860 pendentem
1498 1741 1633 1831 aCaeli
1650 1737 1807 1830 diversa
1832 1766 1931 1828 tern-

673 1855 1931 2090 eflssnllssnllll,‘lllllllllslzllllllli

676 2096 731 2178 ris
751 2095 840 2178 tubi
856 2116 1082 2208 aperturam
1100 2094 1225 2181 oculo
1243 2153 1254 2188 ‚
1278 2091 1427 2180 eodem
1457 2092 1612 2207 semper
1629 2093 1726 2184 loco
1744 2089 1931 2180 observa·

675 2239 875 2300 venmur.
1779 2291 1783 2296 ,

428 2336 660 2430 erumnam
751 2352 843 2412 102.
875 2325 1106 2416 Collocatis
1124 2329 1203 2416 filis
1221 2333 1260 2412 in
1276 2331 1414 2418 debita
1426 2324 1616 2415 distanti-a
1644 2361 1666 2414 a
1695 2327 1804 2414 lente
1822 2328 1930 2436 obje-

392 2531 395 2539 Δ
426 2417 609 2568 :pffintoe
620 2416 662 2546 ll.
679 2447 787 2533 stiva
802 2443 933 2531 danda
945 2469 1031 2532 erat
1044 2444 1186 2534 iisdem
1200 2449 1376 2534 direelio
1389 2447 1528 2532 debita
1539 2497 1551 2534 ,
1562 2475 1661 2534 xcurn
1677 2443 1852 2532 alterum
1864 2443 1931 2530 de·

425 2575 502 2628 Μὴ
518 2571 660 2648 refundi·
677 2567 795 2650 beret
810 2560 881 2646 elle
900 2563 1135 2676 parallelum
1150 2561 1275 2680 plano
1294 2557 1555 2651 sectorisnve
1574 2561 1701 2678 plano
1714 2556 1932 2676 transeunti

432 2653 519 2708 '‘²¹³'‘
533 2650 587 2708 ω’
709 2709 755 2765 ,er
767 2680 951 2768 limbum,
974 2685 1228 2775 &centrum
1249 2680 1419 2767 alterum
1438 2679 1513 2792 ipsi
1525 2677 1652 2795 plano
1664 2680 1931 2796 perpendicu-

681 2710 764 2882 larc
780 2862 789 2881 .
805 2795 852 2881 Irl
867 2797 1029 2910 quidem
1047 2796 1163 2884 facile
1178 2799 1446 2890 obtinuimus,
1470 2796 1699 2888 collocato,
1709 2818 1757 2882 ut
1772 2797 1862 2882 fieri
1878 2789 1932 2886 as·¹

683 2912 802 3006 solet,
817 2910 971 3000 sertore
984 2916 1025 2996 in
1041 2914 1164 3028 plano
1178 2913 1429 3001 horizontali
1446 2973 1460 3009 ‚
1474 2915 1570 3000 telle
1584 2912 1722 3002 libella
1736 2969 1748 3004 ,
1763 2939 1853 3026 quae
1869 2941 1934 2998 ae·

683 3034 737 3119 ris
765 3029 958 3118 bullulaur
992 3035 1094 3117 tubo
1120 3032 1277 3145 liquore
1302 3029 1427 3147 pleno
1455 3033 1702 3118 innatantem
1730 3029 1930 3138 habebat,

683 3171 771 3234 tum
786 3153 879 3234 ae'to
891 3151 932 3230 iu
944 3177 1087 3264 gyrum
1102 3150 1207 3232 circa
1224 3150 1439 3264 propr-ium
1453 3177 1567 3234 axem
1581 3145 1721 3238 eubulo
1735 3147 1885 3232 ΟΙΚΝ
1893 3149 1930 3230 in

683 3265 828 3354 eodem
847 3262 946 3354 srtu,
973 3267 1104 3350 donec
1121 3261 1232 3352 silum
1250 3265 1420 3352 alterum
1437 3267 1665 3380 acquireret
1688 3259 1930 3380 politionem

686 3379 915 3498 parallelum
930 3377 1003 3465 filo
1015 3381 1178 3496 penduli
1195 3405 1286 3469 aute
1299 3380 1430 3496 ipsum
1455 3383 1580 3470 libere
1608 3377 1784 3468 demiffi.
1814 3387 1929 3502 Quo·

685 3501 794 3585 uiam
808 3501 999 3584 autem&
1012 3502 1096 3583 axis
1110 3503 1202 3586 ¹tubi
1213 3503 1376 3620 ⁴QOR
1388 3525 1474 3588 erat
1491 3500 1541 3584 ad
1561 3495 1711 3586 sensum
1725 3492 1928 3612 parallelus

687 3611 977 3730 regulaeserreae
990 3613 1176 3730 oblongae
1189 3615 1414 3702 sustinentis
1428 3619 1546 3704 tubos
1556 3613 1853 3708 omues,sacile
1867 3616 1930 3700 ‘m-

687 3734 739 3818 de
752 3728 1010 3844 consequitur
1029 3789 1041 3824 ,
1068 3727 1177 3844 suiffe
1191 3732 1292 3820 illud
1307 3729 1418 3820 filum
1434 3732 1558 3847 plano
1587 3733 1748 3822 sectoris
1774 3733 1824 3820 ad
1843 3729 1930 3817 sen·

688 3846 773 3933 sum
788 3847 1143 3962 perpendiculare.
1171 3849 1268 3934 Inde
1288 3873 1416 3936 autem
1446 3853 1491 3934 ἃ
1515 3848 1617 3938 illud
1642 3848 1788 3966 sponte
1807 3849 1928 3944 fluit,

688 3961 798 4048 fuisse
826 3960 936 4048 filum
964 3963 1132 4050 alterum
1163 3966 1395 4079 parallelum
1419 3965 1545 4076 plano
1569 3965 1670 4084 ipsa,
1701 3968 1929 4082 &quidem

689 4081 847 4280 mediqecl
849 4078 961 4281 Ill&
972 4079 1130 4165 laminae
1150 4081 1335 4170 mobilis..
1365 4090 1502 4198 Atque
1517 4083 1599 4173 haec
1623 4087 1792 4200 quidem
1804 4090 1930 4200 perti·

683 4221 787 4282 nent
905 4228 941 4282 a.

457 4338 622 4396 numum,
642 4329 673 4386 r·
754 4341 848 4424 103.
893 4313 1144 4404 Illuminatio
1170 4315 1330 4403 filorum
1356 4316 1482 4407 fiebat
1513 4315 1628 4406 facile
1653 4350 1733 4436 ope
1760 4320 1930 4410 lucernae

439 4422 541 4476 Μ·
674 4429 902 4517 collocatae
916 4433 1006 4544 post
1020 4431 1149 4545 ipsum
1164 4433 1502 4527 observatorem,
1522 4467 1570 4524 ne
1583 4440 1773 4528 lumeniu
1790 4439 1931 4529 oculor

684 4551 938 4638 incurreret,
967 4577 1038 4666 per
1054 4547 1167 4634 illam
1186 4573 1408 4667 aperturam
1418 4555 1546 4677 '2'th
1564 4556 1700 4672 figurae
1720 4588 1795 4659 14,
1819 4555 1929 4674 quod

683 4695 737 4752 ne
750 4661 1109 4778 iperbserratori
1126 4667 1327 4765 officeret,
1351 4696 1535 4758 curatum
1561 4673 1716 4768 fuerat,
1744 4705 1792 4766 ut
1811 4673 1929 4764 &ru

690 4785 764 4870 bus
781 4812 830 4872 ex
856 4785 1010 4898 interna
1032 4807 1149 4904 parre
1178 4816 1200 4872 e
1224 4787 1389 4902 regione
1420 4794 1503 4898 ejus
1532 4815 1727 4908 aperturae
1749 4799 1929 4886 circum*

1839 4937 1931 5026 qua·
