4256 5730
185 669 232 730 ra
250 635 336 758 ipsa
349 657 535 724 accurate
550 637 709 750 aequalis
725 631 898 722 ellenon
980 685 981 688 κ
1009 654 1043 717 tt
1058 689 1071 727 ,
1086 653 1136 716 ne
1150 645 1239 720 tum
1251 537 1445 745 q'uideual

182 786 272 846 cum
288 753 426 844 Tellus
438 779 622 841 accurate
635 751 826 867 sphaerica
838 747 909 838 fit.
1066 809 1070 818 -
1337 775 1343 786 ¹

244 899 310 960 10.
371 874 702 956 Vertumnum&
729 897 762 954 ae
790 865 891 954 ualis
916 868 987 954 illa
1011 867 1190 983 quaedam
1216 871 1266 954 ad
1296 865 1446 960 sensum
1526 895 1615 959 aare
1646 899 1693 962 rr·

181 1013 397 1078 curvatura
423 1009 659 1102 appareret,
691 989 736 1070 δι
760 899 951 1100 lphmica
976 981 1105 1100 figura
1131 983 1443 1100 perleuiffima„
1464 975 1696 1118 {ffimffi

180 1104 437 1196 censeretur,
456 1128 504 1188 ut
520 1103 569 1188 ad
580 1109 663 1214 ejus
678 1105 750 1188 ade
783 1103 937 1188 tionem
948 1101 1152 1216 adspirare
1166 1107 1447 1193 Naturavide·
1465 1151 1542 1215 ean,
1601 1077 1618 1134 ⁹
1657 1075 1670 1116 ¹

180 1227 218 1310 ri
233 1221 428 1338 pulset&
439 1219 705 1334 aequilibrium
719 1133 821 1302 illud
838 1240 1066 1305 accuratam
1078 1222 1244 1305 marium
1261 1225 1449 1308 rotundi»

182 1359 313 1424 tatem
337 1335 547 1430 suaderem
575 1336 723 1423 insedit
740 1332 821 1420 alte
835 1331 1173 1448 Philosophorum
1205 1337 1374 1430 animis,
1399 1343 1445 1428 &

153 1465 157 1474 '
183 1462 297 1541 arcte
325 1447 484 1540 adhesit
506 1481 554 1538 ea
577 1456 756 1568 opinio,
787 1449 1021 1545 Tellurem,
1053 1447 1191 1536 abrasis
1207 1456 1442 1548 montibus,

179 1568 415 1686 &vallibus
442 1567 688 1684 coaequatis,
719 1588 904 1652 accurate
927 1565 1158 1680 sphaericam
1176 1566 1278 1659 elie,
1310 1597 1445 1657 necea

180 1688 235 1774 de
247 1718 295 1772 re
310 1689 486 1774 dubitari
500 1690 555 1774 est
569 1679 834 1802 caeptummisr
846 1685 950 1768 intra
964 1685 1185 1794 postremos
1199 1679 1317 1770 hosce
1329 1691 1444 1774 οᾶο-

182 1806 307 1918 ginta
318 1805 479 1890 circiter
492 1831 641 1896 annos,
673 1797 786 1916 quod
799 1827 877 1910 qua
888 1796 1093 1888 occafione
1107 1802 1311 1894 evenerit,
1341 1833 1442 1917 pau-

127 1943 132 1954 ‘
180 1923 477 2010 cisindicabo.
708 2007 710 2016 .
1432 1965 1436 1972 ·

246 2071 308 2128 11.
368 2046 543 2134 Abierat
567 2047 779 2164 superioris
806 2040 936 2154 saeculi
963 2073 1069 2133 anno
1097 2032 1301 2134 secundo,
1332 2040 1447 2130 dese·
1502 2057 1695 2160 nunquan

181 2157 432 2274 ptuagelimo
455 2166 499 2244 in
516 2169 744 2280 Gayennam
771 2160 939 2248 insulam
957 2164 1163 2278 AEquatori
1187 2165 1445 2278 proximam.»
1463 2138 1694 2276 ζὶξξζξζζζῗῗζ

182 2277 416 2368 Richerus,
449 2311 501 2366 eo
527 2313 550 2364 a
579 2281 707 2395 Regia
733 2275 935 2366 Parifiensr
961 2279 1181 2366 Academia
1206 2276 1364 2372 miffua,
1394 2279 1444 2362 ad
1462 2295 1692 2372 horologicum·

182 2394 475 2482 astronomicas
502 2393 805 2486 observationes
831 2397 1048 2488 ineundas,
1072 2393 1264 2480 &secum
1291 2377 1546 2482 dotale-³¹³⁰·

180 2533 246 2594 rat
275 2509 566 2624 horologium,
598 2517 709 2628 quod
728 2509 882 2600 Parifiis
914 2543 1004 2598 cum
1029 2509 1250 2600 caelestibus
1267 2515 1447 2598 motibus

178 2648 370 2712 accurate
397 2627 722 2744 conspiraverat.
756 2630 815 2714 Eo
846 2631 1052 2744 producto
1067 2627 1118 2712 ad
1148 2625 1449 2714 observationes

177 2743 468 2840 instituendas,
501 2747 766 2861 deprehendit
789 2745 923 2831 multo
950 2744 1164 2831 lentiorem
1188 2748 1271 2851 ejus
1284 2769 1448 2830 motum

176 2859 250 2952 ita,
270 2885 318 2944 ut
331 2857 493 2973 singulis
506 2859 646 2951 diebus
662 2895 736 2979 per
752 2866 847 2951 bina
859 2865 1015 2948 minuta
1028 2891 1121 2949 cum
1134 2861 1308 2946 dimidio
1323 2863 1373 2946 ab
1387 2865 1452 2943 in,

177 2995 305 3090 tegaae
326 2978 409 3064 diei
429 2976 611 3066 mensura
636 2977 854 3067 deficeret.
888 2983 993 3066 Rem
1007 2981 1205 3067 miratus,
1235 3005 1355 3088 quam
1373 3001 1448 3060 nec

173 3095 225 3180 ab
239 3091 382 3206 aliqua
396 3097 589 3180 machinae
602 3101 828 3180 mutatione
846 3151 857 3182 ,
881 3122 955 3174 nec
971 3088 1284 3201 asuspensrone,
1309 3117 1382 3174 nec
1398 3091 1449 3174 ab
1499 3151 1501 3156 -

172 3205 263 3296 alia
292 3207 491 3308 eJulmodi
505 3205 632 3291 causa·
647 3209 810 3292 videbat
822 3206 922 3289 oriri
949 3203 1089 3316 polle,
1118 3199 1220 3286 illud
1234 3205 1444 3308 conjecit,

174 3323 400 3436 gravitatis
420 3324 497 3404 vim
513 3321 664 3408 ibidem
690 3324 889 3406 minorem
914 3317 1016 3406 effe,
1046 3347 1167 3432 quam
1190 3320 1232 3402 in
1249 3317 1441 3436 Europa,

176 3439 287 3524 unde
315 3437 462 3526 fieret,
494 3461 541 3524 ut
569 3437 818 3550 pendulum,
850 3439 1010 3541 acujua
1035 3432 1292 3523 oscillatorio
1320 3457 1442 3522 motu

176 3559 312 3642 totius
334 3553 526 3638 machinae
553 3577 688 3640 motus
704 3553 884 3666 pendet,
915 3549 1064 3636 lentius
1080 3548 1289 3664 aliquanto
1318 3545 1456 3636 osen·

175 3669 309 3766 latet,
340 3667 660 3782 &horologium
673 3667 801 3784 ipsum
816 3667 1068 3755 retardaret.
1385 3695 1388 3702 ·

237 3816 302 3876 12.
366 3791 425 3882 Ut
453 3810 588 3874 autem
605 3791 756 3872 certius
772 3787 952 3874 constare
969 3784 1100 3900 poffet
1118 3830 1146 3878 ,¹
1162 3805 1210 3872 an
1236 3815 1298 3874 rer
1326 3788 1386 3872 ita
1402 3781 1443 3872 se
1517 3801 1689 3866 anamma

175 3901 368 3996 haberet,
401 3903 689 3992 accuratillime
703 3899 906 4018 inquifiuit
925 3905 967 3986 in
980 3901 1276 4018 longitudinem
1290 3905 1443 4020 pendu·
1485 3880 1689 4033 fflffi

178 4017 437 4136 lifimplicis,
468 4023 580 4136 quod
603 4020 657 4106 lin
688 4019 762 4110 ulis
791 4024 959 4108 minutis
973 4017 1154 4108 secundis
1183 4022 1356 4106 horariis
1370 4019 1440 4106 sm·
1478 4031 1691 4114 anteponunt

102 4137 107 4150 ’
178 4135 287 4250 gulas
301 4135 575 4226 oscillationes
601 4053 854 4231 ariolaret,
885 4139 1028 4245 &ejus
1056 4137 1357 4253 longitudinem
1370 4140 1440 4223 aeri
1487 4115 1553 4247 {¹¹¹ssss
1569 4118 1693 4268 22:322?

179 4255 324 4340 incidit
345 4313 356 4345 ,
389 4281 435 4344 ut
454 4257 592 4346 eadem
607 4252 922 4347 observatione,
952 4259 1020 4342 ubi
1037 4257 1079 4340 in
1093 4254 1268 4341 Galliam
1287 4251 1440 4369 regres-
1487 4273 1544 4344 ὼε

180 4363 243 4452 sus
266 4371 358 4458 effet
373 4431 385 4464 ,
402 4377 573 4466 iterata,
604 4393 813 4486 utramque
837 4367 1055 4458 mensuram
1071 4370 1256 4459 conferre
1313 4371 1439 4460 ollet.

181 4487 351 4573 Constat
363 4496 469 4580 enim
485 4551 497 4584 ,
511 4492 601 4605 pari
615 4491 825 4603 gravitatis
841 4493 880 4578 vi
892 4487 1083 4602 longiora
1099 4486 1275 4606 pendula
1283 4403 1453 4576 lentius·

181 4596 453 4692 oscillationes
479 4603 564 4694 suas
590 4630 812 4720 peragere,
842 4609 1031 4694 breviora
1058 4613 1209 4698 citiust
1238 4609 1327 4720 pari
1346 4604 1441 4687 lon·

182 4719 365 4832 dimdisse
388 4724 551 4840 penduli
574 4783 588 4823 2
619 4729 664 4822 δέ
690 4721 844 4818 diversa
869 4729 911 4812 ui
945 4729 1191 4842 gravitatis,
1220 4751 1267 4808 ea
1292 4717 1450 4806 lentius·

1303 4863 1441 4928 move·
