4256 5730
661 595 718 666 28
1007 577 1108 661 ΟΡ
1138 575 1178 660 U
1208 575 1233 660 S
1264 576 1300 660 C
1329 574 1369 662 U
1397 577 1429 662 L
1458 577 1497 661 U
1527 581 1572 663 M

660 699 767 783 mio,
794 687 918 776 BEN
924 689 1152 778 EDICTI
1180 693 1304 778 XIV.
1322 690 1621 806 sapientiffimi,
1649 690 1926 782 acdodlill'nni

660 803 871 900 Pontificis
899 808 1163 900 administro,
1188 837 1267 924 pro
1292 807 1532 902 calumnia,
1558 840 1638 923 qua
1662 839 1726 896 me
1742 807 1928 926 frequen·

662 947 749 1014 tem¹
774 927 1003 1039 excipiebat
1032 923 1312 1015 humanitate,
1348 953 1394 1010 ac
1423 925 1473 1010 de
1492 923 1675 1022 litteris,
1712 931 1856 1040 quibus
1881 930 1934 1010 in,

662 1048 796 1164 primo
826 1045 955 1130 aetatis
982 1039 1084 1128 flore
1098 1045 1280 1158 apprime
1296 1039 1507 1133 excultus,
1535 1043 1640 1129 inter
1676 1065 1744 1128 tot
1758 1041 1929 1156 gratilli-

623 1179 625 1193 ¹
661 1190 824 1249 morum
839 1159 1105 1275 negociorum
1116 1189 1230 1244 curas
1242 1186 1399 1243 mecum
1412 1158 1750 1273 colloquebatur,
1779 1155 1929 1242 sermo·

660 1303 751 1366 nem
777 1281 1013 1363 iniicerem'.
1046 1271 1170 1358 Senlit
1196 1273 1313 1360 illico
1340 1279 1400 1360 rei
1424 1274 1647 1363 utilitatem
1675 1271 1922 1363 viracutissi·

602 1435 604 1440 ¹
660 1421 773 1488 mus,
803 1422 848 1478 ac
874 1391 976 1479 illud
994 1395 1268 1508 interogavit,
1298 1422 1348 1477 an
1359 1393 1417 1478 rei
1446 1393 1646 1478 tentandae
1660 1396 1703 1478 in
1715 1389 1800 1507 ipsa
1816 1397 1923 1477 Pon·

403 2553 546 2626 Negotium
568 2567 638 2607 eon-

405 2632 635 2690 mittituraudorl,

405 2715 429 2764 t
449 2711 536 2764 sorios
562 2709 640 2765 addi-

406 2803 448 2841 rus
509 2791 636 2846 sorredio

399 2882 500 2938 ‘nappe
512 2900 521 2919 .

658 1510 787 1596 tilicia
801 1509 959 1596 ditione
972 1514 1101 1596 Locus
1116 1506 1233 1596 eliet.
1255 1505 1449 1622 Repolui,
1467 1508 1628 1598 extendi
1641 1509 1804 1624 quidem
1817 1511 1923 1594 Pon·

660 1627 830 1712 tificiam
858 1625 1123 1712 ditionemin
1140 1625 1309 1712 Boream
1337 1629 1387 1713 ab
1405 1620 1489 1744 ipsa
1505 1628 1600 1712 urbe
1618 1631 1752 1714 Roma
1778 1623 1918 1714 ultra.»

661 1740 805 1860 gradus
835 1744 964 1837 duos,
994 1740 1732 1856 effeautemttmontiumeuspides‚
1760 1747 1926 1838 &eam-

659 1889 836 1979 porum,
858 1888 913 1944 ac
928 1858 1116 1944 littorum
1130 1858 1276 1952 strata,
1307 1859 1471 1972 quaetrei
1492 1859 1590 1948 bene
1603 1859 1784 1972 gerendae
1802 1857 1921 1944 offer-

659 1999 750 2064 rent
773 1975 906 2088 spem.
938 1978 1072 2086 Japme
1101 1995 1234 2058 autem
1253 1974 1455 2062 borealem
1473 1971 1649 2084 ejusdem
1662 1979 1810 2064 tradtus
1826 2002 1920 2086 par-

658 2119 848 2181 temtum
865 2088 1038 2180 Australi
1060 2110 1180 2204 parte
1198 2089 1347 2174 Gallici
1373 2087 1591 2178 Parifienfis
1609 2093 1819 2178 meridiani
1847 2087 1920 2174 sub

656 2209 803 2296 eodem
829 2205 1026 2324 parallelo
1055 2233 1136 2292 non
1159 2207 1378 2320 itanpaucis
1409 2208 1659 2320 gradibusad
1677 2209 1916 2296 Orientem,

657 2349 703 2412 ut
719 2327 875 2414 idcirco
890 2321 1027 2413 Nostri
1040 2319 1257 2409 Meridiani
1280 2325 1427 2438 gradus
1439 2353 1532 2412 cum
1547 2323 1622 2412 illo
1638 2323 1802 2413 Gallico
1819 2351 1917 2412 con·

657 2439 753 2528 ferri
766 2443 919 2558 pollet.
991 2507 994 2514 Δ
1312 2483 1314 2488 ’
1414 2511 1418 2522 .
1787 2489 1791 2496 ›
1914 2475 1918 2484 ·

720 2581 741 2662 ς
751 2589 787 2662 ς.
850 2563 945 2647 Haec
960 2556 1030 2644 ille
1043 2588 1138 2644 cum
1153 2558 1203 2644 ad
1218 2562 1574 2674 Sapientillimum‚
1605 2565 1710 2650 &de
1723 2561 1834 2648 omni
1848 2556 1920 2646 lit·

657 2700 834 2764 seratura
859 2673 981 2792 usque
1009 2677 1110 2762 adeo
1135 2680 1473 2766 benemerentem
1484 2683 1727 2767 Pontificem
1744 2672 1917 2762 detulis·
2025 2724 2028 2730 ·

656 2791 741 2886 set,
773 2797 982 2911 negotium
1010 2793 1108 2879 mihi
1137 2792 1301 2879 mandat
1330 2793 1448 2904 iplius
1474 2795 1573 2903 juffu
1605 2793 1819 2883 meridiani
1834 2798 1919 2880 Ro·

654 2914 761 2996 mani
776 2912 972 3000 accuratis
987 2907 1179 2996 mensuris
1194 2937 1267 3023 per
1279 2907 1532 2998 Pontificiam
1564 2914 1765 3000 ditionem
1783 2911 1918 2996 tradu-

507 3055 514 3068 ·
654 3027 772 3112 cendi
789 3031 1051 3118 suttonam,
1081 3025 1405 3114 &dimetiendas
1433 3030 1717 3141 magnitudinis
1744 3028 1916 3143 gradus.

654 3145 808 3231 Aderat
831 3169 965 3235 autem
978 3149 1120 3233 Romae
1133 3149 1180 3230 [Ρ.
1195 3142 1510 3256 Christophorus
1523 3147 1651 3230 Maire
1667 3147 1763 3232 vire
1782 3146 1918 3230 Socie-

655 3286 740 3347 tate
757 3262 903 3346 Nostra
916 3265 955 3342 in
973 3263 1087 3344 omni
1112 3259 1344 3348 litterarum
1356 3258 1818 3372 genereversatissimus,
1848 3257 1916 3346 sed
2002 3273 2006 3279 “

653 3377 979 3463 Astronomiae‘in
1007 3374 1175 3488 primis,
1202 3377 1605 3492 atqueGeographiae
1631 3377 1915 3464 amantiffimus

652 3491 817 3584 cultor,
844 3487 1090 3608 perferendis
1117 3510 1253 3578 autem
1275 3489 1549 3582 molestiffimae
1566 3493 1840 3608 expeditionis
1856 3493 1918 3575 in·

651 3607 880 3696 commodis
906 3606 1136 3698 valetudine
1153 3636 1249 3721 par.
1285 3614 1391 3696 Cum
1412 3640 1466 3698 eo
1482 3633 1527 3696 ut
1550 3609 1821 3725 expeditionis
1851 3603 1934 3696 so·,

652 3729 844 3812 cietatem
872 3728 1044 3816 inirem,
1076 3724 1212 3812 multo
1231 3726 1340 3812 enim
1369 3721 1551 3822 facilius,
1578 3732 1622 3816 δι
1651 3726 1914 3816 accuratiusa

651 3843 791 3936 binis,
819 3872 940 3956 quam
971 3847 1022 3931 ab
1036 3839 1444 3930 unicoobservatore
1473 3847 1623 3931 omnia·
1637 3842 1912 3961 peraguntur}

651 3957 769 4045 facile
783 3959 944 4045 obtinui
962 3963 1006 4045 dt
1021 3955 1264 4044 aCardinali
1280 3964 1556 4054 Varturro‘s
1574 3967 1619 4050 dt
1631 3966 1681 4048 ab
1697 3962 1814 4077 ipso,
1841 3961 1913 4070 qui

449 4066 457 4086 ι
555 4109 557 4114 ’
651 4075 816 4190 quidem
840 4073 944 4160 illud
972 4099 1208 4193 opportune
1237 4074 1419 4190 suggellit
1435 4088 1461 4170 ‚²
1476 4109 1569 4168 cum
1586 4079 1637 4165 ad
1651 4080 1777 4190 ipsam
1792 4082 1911 4160 meri·-

648 4191 757 4276 diani
780 4191 1073 4284 diret‘tionem',
1100 4196 1144 4280 dt
1160 4189 1378 4280 mensuram
1403 4197 1546 4310 gradus
1564 4190 1912 4282 determinandam

649 4311 806 4420 ingenti
818 4309 1083 4398 instrumento
1098 4339 1171 4424 per
1185 4305 1358 4396 summos
1375 4327 1533 4404 montes
1557 4312 1745 4399 tradur‘lo
1757 4304 1911 4400 multo

649 4455 741 4511 rum
757 4424 955 4512 ⁴locorum
986 4421 1204 4544 politiones
1235 4431 1522 4518 acc'uratiffime
1555 4426 1818 4515 determinati
1847 4423 1926 4512 rel'

651 4544 821 4631 omnino
834 4542 1053 4642 deberent,
1084 4543 1147 4630 vel
1162 4543 1381 4637 admodum
1396 4544 1523 4633 :facile
1536 4545 1721 4660 pollent,
1754 4571 1912 4660 oppor-

583 4759 585 4764 ,
649 4686 793 4748 aunum
814 4657 937 4756 ¹fore,
965 4689 1175 4780 peragrata
1199 4689 1295 4750 cum
1310 4668 1470 4754 minore.
1480 4663 1701 4778 quadrante
1733 4657 1910 4752 universa

510 4799 512 4804 ’
576 4809 580 4817 ·
645 4776 866 4866 Pontificia
885 4779 1070 4882 ditione,
1097 4810 1286 4896 mappas,
1315 4813 1402 4898 quae
1416 4780 1601 4900 plurimis
1629 4780 1910 4982 scatebanssgg·

1751 4923 1836 4984 ron
1893 4925 1939 4993 s¹
