4178 5748
670 676 729 762 Μ
909 762 914 772 ,
991 655 1553 746 otuchtUM

667 777 829 889 quidem
841 777 1050 862 committi
1064 777 1231 861 omnino
1243 801 1323 860 non
1339 777 1493 888 potuit,
1507 801 1599 859 cum
1616 759 1922 856 intumentum

659 897 865 1000 'majorem
880 893 1144 1007 quadrantem
1161 889 1450 978 adhibuerimus
1470 957 1480 975 .
1512 895 1640 978 Porro
1660 883 1782 972 flexus
1801 875 1917 996 ipse»

670 1005 752 1096 save
765 1015 926 1124 angulus
945 1069 955 1100 ‚
987 1040 1107 1124 quem
1124 1011 1290 1094 alterum
1308 1008 1410 1093 latus
1426 1007 1764 1092 contineret'cum
1786 1002 1922 1084 altero

673 1129 902 1240 produdim
920 1125 1265 1213 inventusdeinde
1281 1122 1358 1208 fuit
1373 1125 1566 1238 graduum
1586 1157 1636 1230 9,
1658 1125 1793 1218 min:7
1815 1173 1825 1206 ,
1861 1109 1882 1195 l
1904 1157 1923 1178 -

673 1246 898 1331 cundorum
913 1268 969 1344 45
986 1263 1001 1338 '2
1035 1275 1085 1330 ex
1110 1244 1382 1360 quoanguloa
1417 1243 1462 1325 ὃ(
1495 1243 1596 1328 binis
1614 1242 1692 1324 illis
1723 1233 1918 1322 lateribus

673 1364 840 1446 tertium
864 1365 1055 1475 trianguli
1070 1367 1175 1448 latua
1191 1415 1204 1451 ‚,
1219 1357 1294 1442 five
1311 1355 1406 1444 bnfis
1422 1358 1632 1442 restilinea'
1645 1353 1816 1471 profluit
1833 1350 1920 1462 pal·

668 1508 831 1564 anorum
855 1494 1007 1582 52674·
1030 1512 1082 1592 3,
1101 1473 1178 1562 slve
1194 1474 1485 1588 hexapedarum
1501 1487 1627 1584 6037.
1659 1487 1729 1558 62.

426 1665 499 1718 cm
520 1664 547 1718 ,n
569 1633 598 1719 ὲ,
622 1609 672 1720 dis
742 1623 834 1698 154.
869 1597 1014 1682 Eidem
1043 1597 1176 1686 hanc,
1207 1624 1285 1708 qua
1302 1594 1478 1706 priorem
1511 1593 1624 1677 illam·
1654 1585 1806 1679 bafim,
1836 1613 1919 1670 me·

427 1743 576 1797 „erretur
591 1714 809 1812 agar-'thodo
825 1713 990 1799 dimensi
1006 1711 1157 1801 sumus,
1192 1707 1334 1794 sedhic
1351 1733 1543 1820 praeterea
1557 1763 1570 1798 ‚-
1584 1733 1679 1791 cum
1694 1708 1831 1819 ingens
1850 1703 1919 1788 illa

426 1821 511 1947 {2¹⁰⁰
524 1825 663 1954 di‘sfrss‘ssn
676 1855 871 1948 perpetua
887 1832 1028 1915 nebula
1044 1828 1216 1942 caepiffet
1244 1822 1328 1940 ipsa
1345 1825 1478 1936 tigilla
1494 1830 1704 1910 incurvare
1729 1821 1915 1908 nnnihil,

427 1974 544 2030 urae.
675 1971 821 2066 praeter
849 1945 1147 2059 longitudinem
1179 1941 1362 2056 pluribus*
1392 1944 1433 2022 in
1464 1943 1554 2027 d-ies'
1578 1936 1748 2054 singulos
1767 1940 1920 2022 vicibus

674 2063 864 2154 collatam
876 2093 967 2147 curn
979 2059 1100 2146 ferrea
1111 2057 1251 2173 regula¹
1263 2089 1342 2172 ope
1354 2058 1819 2171 circini‚errplorabamus
1835 2083 1922 2140 cur·

675 2173 858 2270 naturam
874 2176 998 2296 ipsam
1012 2207 1095 2292 ope
1108 2169 1168 2260 lili
1185 2179 1224 2266 vi
1243 2171 1338 2262 teuli
1353 2169 1574 2265 methodo‘,
1606 2202 1725 2287 quam
1742 2177 1783 2256 in
1798 2201 1922 2286 quar-

675 2327 723 2387 to
740 2295 937 2413 opusculo
953 2324 1152 2410 exponam
1169 2363 1177 2380 .
1211 2289 1452 2400 Hujusmodi
1469 2317 1694 2380 curvaturae
1714 2291 1918 2376 correbtio

678 2445 761 2530 pro
779 2439 870 2501 tota
883 2417 955 2500 bac
984 2409 1061 2500 bafi
1078 2409 1180 2496 infra
1194 2413 1317 2497 etiam
1334 2410 1547 2494 dimidium
1563 2407 1709 2524 pedem
1724 2407 1768 2493 se·
1793 2406 1923 2491 conti·

603 2577 605 2583 2
679 2537 797 2618 nuit.
830 2537 918 2641 Ejus
935 2536 978 2614 in
992 2533 1125 2644 prima
1152 2527 1233 2615 bafi
1252 2529 1453 2613 rationem
1468 2526 1726 2640 habueramus
1743 2523 1891 2608 nullam
1910 2579 1924 2617 ,

674 2651 788 2763 quod
807 2652 922 2735 nimis
939 2653 1124 2764 exiguam
1139 2646 1392 2734 videremur,
1417 2647 1463 2730 δ’(
1486 2639 1691 2758 quidemst
1709 2644 1832 2728 etiam
1861 2639 1923 2726 illi

676 2765 918 2854 Ariminensi
948 2762 1106 2879 aequalis
1123 2761 1345 2854 extitisset,
1376 2793 1455 2875 qna
1472 2759 1548 2844 fuit
1575 2763 1744 2847 omnino
1762 2765 1919 2853 minor,

675 2889 745 2976 vix
762 2887 803 2966 in
822 2907 915 2970 toto
933 2885 1058 2999 gradu
1073 2910 1252 2996 errorem
1268 2875 1516 2992 produxisset
1531 2877 1558 2975 -ζ-
1573 2878 1809 2991 hexapedae‚
1825 2879 1924 2992 qui,

676 2999 878 3118 assumpto
895 3005 1018 3089 etiarn
1036 2996 1175 3086 medio
1186 2999 1292 3084 inter
1308 3025 1370 3083 eas
1387 2992 1519 3088 bases,
1548 2993 1658 3082 ultra
1669 2999 1787 3083 binos
1800 2995 1922 3110 pedes

677 3149 762 3206 non
790 3119 1061 3208 exscreviffet.

465 3329 473 3346 ,
570 3321 603 3380 ‚ffi
744 3262 836 3338 155·
865 3242 995 3324 Porrn
1009 3235 1157 3350 triplex
1172 3238 1215 3320 in
1230 3267 1277 3324 ea
1291 3230 1533 3322 dimensione
1563 3232 1772 3321 difficultas
1805 3232 1921 3318 nobis

426 3326 586 3460 ζῗξᾞξ,
605 3328 659 3458 ῙΪῘ
677 3351 885 3438 occurrit.
917 3357 1057 3438 Primo
1087 3355 1249 3465 quidem
1282 3355 1472 3439 torrentis
1494 3354 1680 3438 Amarani
1695 3353 1842 3437 ostium
1867 3353 1923 3431 in·

426 3468 946 3585 mentonemutcspofitum,
980 3469 1028 3553 ad
1059 3497 1165 3553 mare
1195 3468 1326 3583 iplurn
1358 3473 1577 3556 admodum
1605 3469 1841 3582 angustum,
1877 3469 1922 3554 ὃ(

425 3565 659 3696 ζζζῘ-,Ἲζωζῖξξζζ
677 3585 805 3674 fundo
822 3583 1029 3677 firmiore,
1048 3587 1117 3672 ubi
1132 3617 1228 3673 vero
1244 3589 1358 3674 nobis
1373 3588 1629 3695 trajiciendus
1645 3604 1730 3670 erat
1746 3605 1925 3677 torrens,

426 3719 550 3785 tesieer‘·
606 3809 610 3816 Ι
674 3709 919 3826 perticarum
935 3702 1110 3818 plurium
1128 3761 1140 3796 ‚
1172 3709 1217 3818 dt
1232 3701 1358 3788 fundo
1374 3705 1546 3793 instabili
1563 3709 1644 3796 ita,
1659 3729 1704 3790 ut
1720 3732 1820 3819 opus
1840 3697 1923 3787 lue-

678 3823 737 3914 rit
751 3829 937 3940 exiguum
954 3823 1069 3908 illurn
1082 3829 1252 3909 tradt'um
1276 3823 1455 3908 dimetiri
1474 3853 1553 3940 ope
1570 3819 1793 3936 trianguli,
1824 3813 1921 3904 deli·

680 3947 768 4029 nita
795 3940 876 4026 fere
892 3939 1034 4053 aequali
1052 3939 1238 4025 distantia
1254 3943 1298 4024 in
1311 3942 1396 4046 ejus
1408 3945 1496 4055 ripa
1513 3941 1736 4027 eorundem
1764 3935 1919 4052 tigillo·

681 4092 769 4148 rum
788 4089 889 4172 ope,
904 4061 948 4142 δε
965 4054 1117 4167 angulis·
1133 4061 1190 4142 ita
1201 4056 1415 4172 diligenter
1430 4057 1674 4147 observatis,
1690 4080 1737 4143 ut
1752 4056 1923 4142 omnino

681 4201 731 4260 ne
746 4181 900 4290 exiguae
912 4176 1074 4287 quidem
1089 4177 1213 4286 partis
1226 4178 1340 4260 unius
1355 4178 1478 4291 digiti
1490 4208 1602 4262 error
1618 4177 1754 4261 timeri
1770 4167 1921 4285 pollet.

680 4293 841 4379 Deinde
857 4295 1021 4406 exiguus
1035 4293 1160 4377 etiarn
1175 4295 1294 4378 maris
1309 4301 1459 4380 tradtus
1474 4295 1734 4400 trajiciendus
1744 4288 1922 4406 quando·

679 4440 757 4525 que
775 4407 854 4492 fuit
871 4409 1008 4495 littori
1025 4433 1194 4496 curvato
1206 4413 1417 4524 proximus
1438 4472 1450 4506 ,
1469 4439 1555 4499 tum
1574 4416 1795 4498 nimirum,
1824 4437 1919 4492 curn

677 4529 787 4614 aelius
804 4531 920 4612 maris
934 4525 1155 4614 elevaverat
1172 4557 1291 4640 aquas·
1308 4587 1321 4621 ‚
1352 4533 1397 4614 δι’
1412 4533 1454 4612 in
1470 4529 1585 4615 littus
1602 4531 1815 4646 aliquanto
1842 4555 1926 4609 am·

678 4645 812 4763 pliore
832 4649 959 4732 trae‘iu
977 4643 1183 4728 effuderat.
1202 4653 1298 4768 Qro
1313 4648 1477 4759 quidem
1491 4644 1599 4740 casu,
1613 4651 1728 4734 nobis
1744 4677 1768 4732 e
1782 4641 1924 4762 proxi·

556 4851 558 4854 ,
678 4794 749 4851 mo
767 4763 912 4850 littore
927 4757 1264 4876 adspeetmtibus,
1281 4765 1457 4848 homines
1473 4765 1667 4852 conducti
1676 4768 1835 4882 pretio,
1853 4756 1924 4873 qui

678 4877 717 4964 se
733 4883 812 4989 jam
828 4884 871 4967 in
900 4878 1097 4994 ejusmodi
1113 4877 1293 4971 mensura
1321 4905 1581 4976 exercuerant
1606 4879 1824 4972 uobiscum'
1843 4905 1920 5080 lper

1772 5029 1842 5086 mu
1862 5019 1924 5082 tos
