4136 5778
645 597 734 698 3&
989 579 1609 668 OPUSCULUM‘

643 701 823 812 pertinet
838 695 889 782 ad
906 694 1247 785 testificationem
1259 697 1486 813 tigillorum
1503 751 1515 785 ,
1530 687 1575 782 dc
1591 696 1731 812 primo
1747 695 1916 810 quidem

644 815 916 930 longitudinis
944 811 1214 902 mensurarum
1243 817 1545 905 terminatarum
1572 815 1682 929 inter
1705 812 1913 908 lamellas,

623 961 812 1048 quarum
842 929 1043 1048 srngulaeo
1070 932 1226 1048 palmos
1254 925 1501 1048 aequabant,
1520 934 1566 1017 &
1589 959 1758 1045 quarum
1779 957 1911 1018 ternae

629 1119 631 1124 -
647 1050 808 1164 singulis
823 1052 1159 1137 continebantur.
1192 1055 1319 1140 Initio
1334 1051 1498 1164 quidem
1511 1052 1734 1134 curavimus
1750 1107 1761 1138 ,
1776 1073 1824 1134 ut
1837 1049 1915 1134 fin·

630 1255 634 1264 ,
649 1169 745 1286 gula
757 1165 971 1254 intervalla
986 1193 1237 1281 aequarentur
1255 1197 1400 1256 norem
1413 1162 1555 1282 palmis
1569 1169 1768 1252 Romanis
1783 1223 1793 1255 ,
1808 1195 1915 1280 quos

647 1280 922 1400 eCapitolino
938 1282 1102 1399 lapideo
1116 1286 1290 1375 modulo
1304 1284 1532 1400 palmorum
1548 1282 1689 1369 decem
1704 1281 1918 1398 desumpsi·

648 1435 761 1493 mus,
790 1425 837 1488 ut
851 1405 992 1488 monui
1008 1399 1206 1517 opusculo
1220 1407 1382 1519 primo,
1414 1405 1514 1490 &in
1527 1397 1652 1487 ferrea
1677 1403 1793 1516 virga
1812 1394 1915 1486 cras-

646 1520 749 1610 siore
771 1520 821 1605 ad
848 1548 936 1605 eam
959 1520 1188 1607 distantiam
1216 1523 1445 1608 notavimus
1461 1523 1554 1607 bina
1572 1517 1793 1605 tenuissima
1810 1547 1917 1629 pun·

646 1646 712 1730 era
729 1697 741 1730 ,
774 1667 894 1752 quam
909 1641 1060 1754 virgam
1076 1635 1289 1726 nobiscum
1304 1639 1545 1727 habebamus
1558 1633 1713 1754 semper
1730 1667 1820 1724 cum
1838 1633 1913 1722 fibi

641 1758 842 1874 -proximo
860 1753 1157 1842 thermometro
1172 1758 1498 1844 Reaumuriauo.
1517 1760 1675 1842 Interea
1689 1757 1831 1850 calor,
1846 1753 1914 1839 vel

647 1874 800 1988 frigus,
826 1876 1028 1962 &humor
1044 1871 1257 1959 intervalla
1282 1873 1354 1959 illa
1380 1877 1626 1964 mutabant,
1654 1903 1750 1958 eum
1781 1872 1912 1989 tigilla

649 2023 670 2080 e
685 1991 800 2107 ligno
816 1991 937 2078 ellent
951 2050 963 2086 ,
978 2011 1074 2078 utut
1090 1987 1348 2078 vetustisllmo
1365 2050 1377 2082 ,
1392 1992 1501 2106 quod
1520 1991 1684 2104 quidem
1701 1995 1827 2077 etiam
1840 1992 1911 2079 diu

642 2115 904 2226 navigaverat
920 2111 1145 2198 adhibitum
1172 2139 1252 2224 pro
1280 2108 1415 2200 malo,
1448 2112 1493 2195 δι
1519 2137 1597 2223 ego
1620 2110 1788 2222 quidem
1812 2115 1913 2226 aegrs
2055 2117 2056 2180 ἓ

643 2229 867 2320 admodum
880 2228 1078 2321 adducor,
1094 2247 1141 2312 ut
1157 2228 1344 2322 credam,
1360 2225 1433 2312 elle
1447 2226 1557 2340 ligna
1576 2283 1588 2317 ,
1604 2255 1692 2340 quae
1708 2255 1785 2312 nee
1804 2228 1914 2314 ealo-

647 2378 717 2440 re,
747 2373 819 2433 nec
844 2347 1013 2434 humore
1040 2346 1311 2432 mutationem
1341 2343 1464 2430 ullam
1491 2350 1724 2457 acquirant.
1758 2357 1910 2470 Qum·

647 2469 789 2553 obrem
814 2461 974 2579 singulis
988 2465 1128 2551 diebus
1143 2486 1229 2557 ter,
1258 2461 1321 2554 vel
1350 2466 1475 2552 etiam
1504 2484 1647 2578 quater
1671 2463 1911 2579 exploraba-

649 2611 735 2672 mus
749 2580 979 2695 sigillorum
992 2580 1156 2668 slaturn.
1246 2623 1251 2634 ·

399 2757 458 2818 Q,
476 2749 547 2822 ,aso
564 2741 629 2803 rea·
714 2729 811 2813 344.
843 2701 1052 2786 Circinum
1070 2699 1308 2788 habebamus
1322 2731 1417 2790 eum
1434 2761 1445 2796 ,
1460 2729 1578 2820 quem
1593 2703 1755 2793 fidelem
1769 2703 1831 2790 hle
1845 2701 1910 2788 di-

400 2828 466 2958 fil.
484 2829 578 2962 hm
603 2844 632 2920 ξ·
650 2840 761 2911 cunt,
777 2820 847 2931 qui
860 2821 1050 2906 nimirum
1063 2819 1178 2932 virga
1195 2820 1368 2912 constat,
1386 2827 1547 2914 &binis
1560 2821 1907 2939 cuspidibusmlte·

413 2923 485 2962 ”⁸¹¹
506 2922 631 2962 ‘'⁰⁸⁰⁸'‘
649 2973 695 3030 ta
708 2935 851 3024 mobili
869 2940 933 3024 ‚ti
946 2933 1138 3026 habuisset
1150 2936 1214 3022 hle
1227 2940 1402 3028 circinus
1417 2943 1653 3035 cochleam,
1681 2971 1761 3055 qua
1776 2943 1911 3028 mobi-
2056 2995 2057 3054 3

649 3059 699 3148 lis
719 3052 848 3170 cuspis
862 3073 1203 3172 promoveretur,
1231 3087 1322 3146 cum
1346 3057 1509 3156 indice,
1532 3064 1602 3178 qui
1627 3083 1790 3147 motum
1815 3055 1912 3146 defi·

649 3180 785 3274 niret,
817 3175 900 3262 haec
914 3169 1144 3262 observatio
1157 3169 1290 3262 suisset
1303 3179 1525 3266 admodum
1550 3177 1699 3266 facilis.
1732 3173 1911 3295 Disposi·
2056 3279 2057 3300 Ν

612 3294 619 3315 “
650 3298 702 3382 tis
717 3289 948 3406 cuspidibus
965 3294 1051 3386 ita,
1081 3315 1278 3381 uteorum
1296 3295 1484 3382 distantia
1508 3319 1738 3413 aequaretur
1767 3299 1915 3383 distan-

648 3417 717 3496 tiae
733 3415 977 3523 punctorum
991 3433 1233 3500 notatorum
1247 3415 1290 3498 in
1310 3415 1422 3530 virga
1435 3411 1504 3500 illa
1518 3405 1673 3510 ferrea,
1703 3422 1750 3504 δι
1780 3411 1914 3531 cuspi-

649 3529 884 3618 deimmota
897 3527 1100 3644 applicata
1111 3528 1159 3614 ad
1173 3529 1346 3618 alterum
1367 3537 1564 3650 epunstis
1577 3536 1768 3624 extremis
1783 3538 1908 3620 inter·

650 3647 749 3736 ualli
776 3649 883 3740 ΡΗ,
910 3643 973 3730 rel
1003 3649 1068 3734 Hl
1079 3705 1091 3742 ,
1120 3646 1268 3738 vel-lG
1282 3705 1296 3743 ,
1315 3655 1445 3740 ‘motu
1470 3653 1647 3742 cochleae
1675 3651 1904 3742 adducenda

651 3760 879 3880 eratcuspis
894 3763 1020 3852 altera
1046 3766 1097 3853 ad
1115 3763 1290 3856 alterum
1315 3772 1538 3861 eorundem
1567 3771 1896 3890 medorum&

649 3905 787 3968 motus
803 3883 946 3984 indicis
958 3885 1229 3972 differentiam
1241 3888 1507 4005 prodidisset.
1536 3893 1662 4018 Qsod
1687 3885 1766 3977 fiir
1784 3891 1903 4004 virga

649 3995 736 4109 ipsa
754 3996 878 4084 ferrea
896 3999 1078 4088 adfirislet
1097 4003 1216 4094 hinc,
1242 4009 1289 4094 dc
1303 4005 1397 4094 inde
1423 4011 1475 4097 ab
1498 4010 1632 4098 altero
1655 4005 1908 4100 eorundem„

647 4123 896 4235 punctorum
926 4114 1027 4204 scala
1051 4147 1147 4206 cum
1175 4119 1501 4215 transversalibus
1527 4131 1680 4224 redlis,
1711 4121 1909 4244 potuiffet

649 4236 822 4349 quodvis
833 4265 883 4325 ex
897 4235 1117 4326 intervallis
1142 4239 1267 4354 tigilli
1293 4241 1462 4350 cujusvis
1487 4247 1623 4337 assumi
1652 4275 1704 4337 eo
1720 4251 1907 4344 circino,

651 4355 698 4440 dc
716 4354 758 4434 in
770 4355 953 4470 regulam
971 4353 1175 4450 transferri
1193 4362 1267 4452 ,ac
1281 4391 1362 4473 ope
1383 4365 1466 4472 ejus
1479 4362 1591 4454 scalae
1606 4369 1745 4456 notari
1762 4363 1905 4453 discri-

648 4497 741 4558 men
757 4537 765 4554 .
782 4475 840 4559 At
856 4477 1047 4589 quoniam
1060 4503 1134 4562 nec
1150 4480 1350 4566 circinum
1366 4481 1575 4572 habuimus
1587 4514 1682 4575 cum
1699 4481 1902 4596 ejusmodi

651 4587 846 4684 cochlea,
878 4595 923 4678 δι
941 4595 1101 4684 indice,
1128 4623 1201 4680 nec
1218 4593 1415 4705 ejusmodi
1433 4597 1578 4694 scalam
1603 4605 1645 4690 in
1660 4609 1774 4718 virga
1790 4660 1802 4696 ,
1821 4633 1900 4720 ego

621 4793 623 4802 ,
649 4737 738 4795 eam
755 4704 1095 4796 testificationem
1118 4711 1202 4800 alio
1230 4717 1410 4828 quodam
1436 4724 1565 4809 modo
1591 4719 1776 4838 disposui
1792 4753 1902 4837 ,quo

648 4829 694 4914 ὃ(
713 4825 842 4914 nihilo
856 4829 985 4916 minus
999 4829 1220 4946 expedita,
1237 4837 1283 4924 dc
1297 4833 1588 4931 itidem·nihilo
1604 4845 1733 4929 miuus
1747 4869 1913 4928 accura-

644 4964 689 5030 ta
707 4945 894 5036 evaderet
915 5013 925 5036 .
1509 4991 1514 4997 ¹
1730 4964 1921 5076 345.Re·
