4256 5730
673 603 725 694 58
1013 593 1592 680 oP'UscuttJM'·

667 709 732 796 via
744 707 882 796 mediae
898 702 1154 823 inscriptioni
1172 707 1392 823 respondet
1408 709 1456 795 ad
1482 703 1812 824 perpendiculum
1831 765 1844 800 ,
1878 705 1934 792 al·

668 849 798 912 terum
812 851 976 917 autem,
1008 826 1192 914 ubiinsra
1206 825 1474 921 eumlocum,
1500 853 1618 941 quem
1634 821 1861 912 frattochias
1876 825 1940 910 di·

666 963 792 1032 cunt,
825 948 954 1033 tribus
982 945 1148 1032 circiter
1173 943 1392 1035 abAlbana
1416 967 1540 1060 porta
1562 939 1754 1028 milliariis
1773 933 1948 1052 ipsauia

667 1061 979 1177 interrumpitur
993 1067 1198 1177 pomario,
1214 1056 1487 1178 circumsepto
1499 1067 1579 1175 qu'a
1594 1088 1711 1144 muro
1725 1111 1737 1144 ,
1752 1083 1832 1170 qua
1851 1085 1935 1142 ma·

667 1181 802 1272 ceria,
830 1181 880 1264 ad
898 1176 1226 1274 Columuenfium
1253 1175 1443 1265 familiam
1471 1181 1730 1296 pertinente,
1762 1176 1807 1258 dt
1826 1168 1937 1286 ipso-

665 1324 753 1380 rum
769 1295 918 1384 villulae
937 1303 986 1380 eri
1006 1293 1191 1412 opposita
1218 1300 1291 1385 viae
1317 1321 1430 1413 parte
1459 1292 1754 1411 respondente.
1788 1291 1849 1376 lbi
1866 1319 1936 1376 au·

668 1438 750 1497 tem
766 1410 906 1530 paullo
920 1434 1012 1498 ante
1024 1417 1236 1500 maceriam
1251 1411 1378 1530 ipsam
1390 1411 1567 1528 lapidem
1582 1416 1622 1496 in
1636 1408 1809 1495 editiore
1820 1405 1933 1496 loco,

666 1524 766 1615 basis
794 1525 977 1615 dimensae
1004 1526 1153 1621 finem,
1186 1529 1320 1617 effossa
1348 1533 1471 1616 humo
1496 1527 1783 1617 condidimus,
1814 1528 1938 1610 certis

665 1650 822 1734 circum
836 1644 951 1758 fignis
979 1648 1171 1754 adjedtis,
1202 1676 1286 1762 quo
1311 1647 1453 1733 deiude
1473 1644 1631 1734 sacilius
1657 1642 1827 1731 inveniri
1846 1638 1939 1755 pos·

668 1761 752 1851 set.
787 1761 950 1851 Profuit
964 1760 1053 1850 sane
1071 1767 1186 1854 nobis
1201 1763 1305 1850 illud
1326 1822 1338 1857 ,
1370 1765 1482 1880 quod
1499 1768 1565 1850 via
1588 1759 1671 1876 ipsa
1686 1793 1708 1846 a
1721 1757 1839 1844 nullis
1850 1763 1934 1867 jam

667 1883 890 1968 viatoribus
906 1876 1252 1994 frequentaretur,
1283 1911 1334 1969 ne
1349 1884 1437 1998 quis
1451 1885 1643 1968 nimirum
1655 1907 1757 1994 opus
1770 1877 1938 1962 inchoa·

668 2022 755 2084 tum
769 1999 1089 2087 interturbaret,
1115 2027 1252 2086 uerum
1276 1995 1360 2110 ipsa
1375 2022 1486 2085 tanta
1504 1997 1685 2084 solitudo
1699 2023 1839 2106 parum
1865 1994 1935 2080 ab·

666 2113 776 2206 suit,
807 2115 906 2228 quin
921 2115 1112 2202 &exitio
1127 2119 1226 2203 milri
1250 2113 1370 2202 fuerit
1387 2113 1504 2202 semel
1523 2115 1768 2230 potiffimum
1788 2175 1797 2195 .
1829 2116 1935 2196 Cum

664 2235 771 2318 enim
786 2259 867 2316 uno
882 2233 1168 2319 tantummodo
1181 2237 1402 2320 comitatus
1420 2233 1581 2318 homine
1594 2231 1644 2316 ad
1657 2228 1794 2317 locum
1821 2287 1832 2320 ,
1863 2229 1935 2314 ubi

518 2451 521 2458 Ι
655 2346 900 2462 precedenti
932 2345 998 2434 die
1032 2346 1252 2435 mensuram
1284 2353 1595 2462 abruperamus,
1629 2346 1883 2436 incederem,
1913 2375 1936 2432 e

657 2465 861 2580 pastorum
880 2462 1025 2578 mapali
1053 2468 1124 2552 riae
1142 2468 1224 2574 jam
1237 2465 1402 2552 desertae
1433 2469 1624 2582 proximo
1638 2467 1822 2550 immania
1836 2457 1933 2550 su

656 2587 755 2666 otto
769 2584 995 2693 ingentium
1015 2609 1159 2667 canum
1171 2582 1317 2668 effudit
1330 2585 1416 2674 vis,
1438 2612 1613 2696 quorum
1628 2585 1827 2698 impetum
1840 2607 1934 2687 cap·

660 2721 707 2783 to
723 2695 896 2790 tumulo,
912 2703 956 2785 dt
970 2696 1130 2784 densam
1144 2699 1388 2807 ejaculantes
1399 2699 1579 2814 lapidum
1596 2699 1846 2814 grandinem,
1862 2697 1933 2780 diu

655 2811 869 2902 colluctari
893 2843 996 2928 tegre
1024 2816 1355 2932 compressimus,
1387 2844 1468 2904 uno
1483 2820 1661 2931 graviter
1686 2809 1929 2903 vulnerato,

653 2934 807 3019 caeteris
820 2961 842 3016 a
855 2932 1080 3018 Pastoribus
1095 2934 1189 3047 ‚qui
1202 2964 1225 3018 e
1240 2933 1464 3049 longinquo
1481 2957 1742 3022 accurrerunt
1754 2935 1930 3020 demum,

653 3049 878 3135 revocatis.
911 3051 1038 3155 Hujus
1054 3048 1150 3136 basis
1164 3047 1383 3136 mensuram
1414 3054 1592 3166 cepimus
1619 3055 1779 3136 ineunte
1792 3046 1932 3161 Aprili

654 3163 814 3256 mense,
846 3169 891 3252 dt
906 3168 966 3251 bis
990 3165 1222 3253 incredibili
1250 3173 1351 3254 aeris
1367 3171 1634 3283 intemperie,
1668 3173 1713 3255 δε
1740 3165 1931 3252 imbrium

653 3282 693 3364 vi
711 3283 843 3366 condi
874 3285 1111 3482 abrumpere
1135 3342 1147 3376 ‚
1179 3313 1227 3369 ac
1254 3289 1429 3372 Romam
1455 3289 1614 3398 regredi
1642 3286 1796 3385 (initio
1821 3283 1929 3368 enim

655 3425 786 3525 prope
800 3395 976 3484 Metellae
1020 3398 1323 3512 epulchrumrd
1351 3402 1522 3487 alterum
1555 3423 1677 3516 caput
1697 3397 1824 3489 basis,
1856 3395 1929 3483 sub

656 3515 778 3601 hnem
803 3541 901 3602 vero
918 3517 959 3598 in
977 3514 1135 3603 Albana
1150 3521 1247 3605 urbe
1273 3517 1393 3606 alteri
1411 3521 1541 3633 capiti
1567 3521 1761 3635 propiore
1789 3519 1929 3601 nones

571 3638 586 3714 .’
658 3630 948 3836 ξτῗεὶῐιῗέἑηιις)
975 3637 1044 3721 vix
1069 3632 1232 3721 demum
1248 3633 1453 3755 progresso
1472 3637 1555 3745 jam
1568 3641 1680 3799 Majo
1699 3631 1829 3719 mense
1859 3633 1931 3720 ab·

429 3892 636 3951 tetrametram
675 3779 702 3832 o
724 3895 814 3954 11o
864 3817 1134 3956 ‘Instrumenta
1151 3872 1255 3960 inea
1274 3867 1516 3960 dimensione
1534 3873 1715 3960 adhibita
1730 3847 1929 3956 eranthe-

411 3969 486 4024 basim
499 3973 640 4029 dimetien-

409 4047 467 4102 Μ
483 4051 638 4107 „affui”
655 3980 856 4092 jusmodi.
889 3987 1140 4075 Habebamus
1157 3993 1236 4078 tria
1250 3990 1320 4080 illa
1343 3987 1478 4104 tigilla
1497 4015 1702 4076 ternarum
1730 3980 1928 4071 mensura·

413 4127 464 4180 trit
474 4129 574 4197 tigilla:
583 4135 641 4186 vlt·
656 4133 745 4188 sum
761 4097 912 4213 fingula
926 4159 937 4192 s
952 4133 1122 4218 quarum
1135 4109 1326 4222 quaelibet
1338 4111 1576 4194 continebat
1588 4107 1746 4222 palmos
1759 4135 1784 4208 9
1801 4161 1813 4193 ‚
1832 4098 1928 4184 utri.

410 4203 542 4275 ''sm‘'
561 4209 614 4266 ‘¹¹⁸
630 4245 639 4266 ·
655 4247 733 4334 que
751 4243 882 4304 autem
897 4216 1140 4335 singulorum
1150 4231 1280 4342 capiti
1294 4223 1486 4339 adscripti
1500 4247 1614 4310 erant
1629 4219 1783 4308 numeri
1804 4249 1845 4305 1,
1870 4243 1927 4303 2,

659 4369 683 4449 3
714 4337 858 4422 flOdem
875 4341 1049 4433 Ordine,
1073 4369 1159 4454 quo
1175 4345 1373 4434 collocari
1391 4344 1592 4428 debebant
1620 4343 1662 4422 in
1687 4338 1888 4421 diredium
1911 4395 1919 4416 .

657 4451 820 4567 Singula
837 4457 979 4544 itidem
1000 4460 1134 4572 tigilla
1159 4465 1360 4553 habebant
1373 4483 1548 4577 quatuor
1566 4452 1841 4543 horizontalcs
1872 4445 1927 4531 la-

656 4573 791 4661 mellas
806 4601 856 4659 ex
874 4575 1073 4663 auricalco
1088 4579 1226 4668 infixas
1240 4581 1338 4684 fibi,
1367 4579 1655 4694 quarumbiuae
1678 4571 1926 4659 adextrema

656 4697 817 4806 capita,
848 4696 953 4779 binae
969 4693 1058 4811 ipsrs
1086 4701 1134 4784 nd
1162 4698 1320 4788 easdem
1345 4695 1550 4784 distantias
1574 4694 1826 4802 interjedae,
1852 4711 1925 4798 per

652 4815 797 4926 exigua
816 4819 1020 4928 punc‘iain
1048 4816 1096 4902 iis
1111 4845 1254 4907 notata
1280 4845 1357 4907 tres
1376 4815 1463 4905 illas
1490 4809 1687 4902 mensuras
1712 4809 1928 5010 disiipgue·

1834 4941 1903 5010 ant
1917 4979 1927 5002 .
