4156 5752
482 632 1108 736 TERTIU'M.·
1344 673 1420 746 177

163 763 376 854 rabiliter,
407 758 500 844 hinc
534 755 650 844 sucile
676 765 717 844 in
747 758 976 871 hujusmodi
1000 761 1158 852 Tabula
1182 766 1345 858 evenit,
1373 790 1422 852 ut

164 885 248 970 duae
264 885 383 967 redtae
399 874 530 992 teipsa
552 875 780 992 parallelae,
807 879 1096 994 aliquantulum
1114 881 1163 966 ud
1190 879 1420 970 seinvicem

161 999 463 1087 inclinentur&
478 996 668 1087 vicissim,
693 997 804 1112 quod
818 994 896 1098 sine
909 999 1071 1086 Tabulae
1085 997 1190 1085 illius
1208 997 1420 1086 lunatione

161 1115 247 1203 fieri
266 1142 346 1202 non
359 1109 517 1228 potest.
549 1117 691 1223 Neque
712 1112 1037 1230 veroquisquam
1057 1115 1418 1205 dixeritTabulanr
1515 1159 1519 1164 ·

160 1234 287 1350 ipsam
303 1231 696 1319 Proetorianumhu-iu
718 1235 1020 1327 virio-mederi,
1045 1263 1139 1320 cum
1164 1230 1419 1348 perspicuum
1449 1295 1452 1315 Ι

162 1351 209 1437 sit
227 1410 239 1445 ,
270 1347 412 1436 finihil
428 1345 539 1431 aliud
553 1401 569 1436 ,
582 1369 624 1430 at
638 1372 746 1432 certe
761 1347 1011 1464 frequentem
1026 1350 1136 1467 plani
1149 1353 1419 1439 mutationem
1451 1408 1454 1418 .

159 1475 207 1554 ad
222 1493 337 1552 acum
363 1464 633 1578 magneticem
660 1464 923 1580 confingiendi
940 1467 1209 1554 necessitatem
1234 1471 1419 1585 impone·

158 1613 223 1687 re„
259 1589 352 1670 Hoc
368 1584 494 1691 igitur
509 1577 635 1662 causae
661 1575 806 1667 subesse
822 1585 1030 1677 arbitror,
1062 1590 1325 1700 quamobrem
1337 1577 1418 1672 Tu-

159 1700 342 1787 bulaista
366 1725 490 1810 neque
504 1721 598 1778 cum
611 1696 764 1782 Tabula
787 1700 915 1784 altera
938 1698 1071 1787 cursus
1100 1701 1413 1794 fluvii‘riberis.
1449 1786 1452 1796 .

155 1845 288 1929 neque
313 1843 407 1899 eum
431 1810 504 1898 srtu
529 1809 693 1897 Perufiae
720 1817 765 1900 dt
780 1814 949 1902 Tuderti
977 1845 1164 1904 accurate
1191 1845 1413 1932 congruat.

154 1935 283 2052 Quod
299 1955 430 2016 tumen
444 1929 493 2013 ud
509 1929 725 2045 hoceaput
741 1937 919 2027 attinet,
946 1963 1007 2020 res
1020 1933 1152 2024 multo
1164 1932 1420 2050 exploratior

154 2047 292 2134 futura
305 2070 421 2142 erat,
451 2043 620 2131 fimodo
635 2043 845 2134 abfuissent
858 2079 905 2134 ea
921 2049 1235 2166 impedimenta,
1262 2049 1312 2135 de
1327 2054 1417 2164 qui-

155 2168 230 2252 bus
257 2195 366 2251 num:
385 2181 421 2252 8.
452 2166 606 2248 mentio
627 2163 732 2249 ladio
758 2169 814 2252 est
831 2231 841 2251 .
861 2170 1015 2282 -Itaque
1033 2165 1222 2254 Perusinae
1247 2171 1416 2253 ditionis

156 2282 250 2369 locu
261 2283 448 2398 pleraque
464 2309 514 2366 ex
530 2283 602 2364 hac
616 2281 771 2368 Tabula
782 2288 843 2368 ite
852 2282 1062 2400 desumpta
1076 2284 1191 2376 sunt,
1219 2309 1270 2370 ut
1284 2308 1413 2370 tumen

154 2413 316 2514 partem
342 2403 422 2506 ejus
453 2397 740 2486 Australiorenr
769 2399 952 2488 Tuderto
985 2401 1167 2486 nonnihil
1207 2404 1421 2490 admoveri·

155 2521 397 2602 convenerit
414 2579 424 2610 ,
439 2513 593 2600 servata
606 2519 783 2610 interea,
797 2545 992 2632 quantum
1008 2515 1092 2604 sieri
1108 2522 1261 2634 potuit,
1277 2521 1418 2604 debita

151 2637 194 2714 in
223 2633 312 2719 aliis
332 2637 513 2748 partibus
539 2631 893 2722 conformatione.
927 2641 1121 2758 Qremvis
1153 2639 1276 2750 igitur
1301 2633 1415 2720 loco·

151 2776 243 2835 rum
258 2749 350 2836 situs
365 2778 447 2836 non
463 2750 566 2834 adeo
582 2771 713 2836 certus
732 2747 780 2835 srt
799 2809 811 2842 ‚
829 2778 948 2866 arque
962 2781 1132 2843 eorum,
1157 2779 1245 2862 quae
1259 2779 1311 2836 ex
1325 2753 1414 2836 Ob·

152 2863 447 2956 servationibus
472 2865 616 2951 nostris
642 2869 875 2953 immediate
898 2869 1071 2955 deducta
1097 2866 1215 2958 sunt,
1248 2891 1414 2952 tarnem
1543 2963 1547 2972 ε

150 3013 247 3068 curn
261 2981 377 3071 error
390 2986 522 3100 gravis
546 2983 703 3069 inlocis
728 2982 835 3069 inter
849 2988 976 3072 Urbes
990 2989 1176 3100 cognitas
1191 2984 1332 3068 mediis
1345 2979 1414 3065 ud·

147 3095 266 3186 mitti
281 3131 361 3187 non
388 3101 535 3216 possit,
568 3104 733 3187 minime
760 3100 1017 3186 necessarium
1035 3102 1219 3186 duximus
1247 3099 1415 3191 eudem,

147 3239 348 3328 tanquam
364 3218 458 3300 loca
476 3213 569 3298 srtur
584 3218 730 3299 incerti
747 3214 890 3300 lunulae
904 3215 1014 3330 figno
1032 3213 1209 3304 efficere.
1643 3305 1645 3310 ,

212 3359 275 3440 13.
292 3321 374 3414 ‘Ad
387 3335 539 3443 Agrum
553 3337 784 3418 Camertem
797 3329 909 3446 quod
921 3335 1071 3418 attinet
1089 3393 1100 3424 ‚
1124 3335 1263 3420 habuit
1278 3363 1324 3420 ea
1337 3323 1655 3465 T²··sl{,“,¹li‘„‘„l¹‘

143 3445 275 3536 bula,
306 3447 357 3534 de
376 3477 454 3560 qua
480 3475 647 3532 numero
664 3443 867 3562 superiore
896 3453 1050 3535 mentio
1065 3447 1260 3542 laetans,
1294 3451 1335 3536 id
1351 3455 1412 3533 in·
1423 3481 1465 3550 ge
1477 3489 1607 3541 emeno
1621 3443 1652 3542 .’

141 3566 375 3654 commodi,
388 3563 500 3677 quod
515 3562 845 3652 ineanihilinter
859 3563 1353 3656 limitescommunitatum
1368 3567 1424 3654 διε

142 3702 348 3768 torrentes
371 3685 441 3796 qui
467 3685 571 3767 hunc
596 3711 735 3796 ugrum
749 3685 943 3798 irrigant,
972 3681 1152 3770 interesse
1168 3685 1407 3806 ridebapur.
1431 3717 1435 3722 ·

141 3799 287 3912 Itaque
303 3821 504 3885 torrentes
523 3799 618 3884 istos
635 3827 685 3884 err
699 3827 745 3882 ea
759 3821 807 3884 ut
818 3803 1051 3913 potuimus,
1082 3799 1309 3914 selegimus:
1339 3829 1410 3888 ne·

150 3943 226 4028 que
244 3919 352 4001 enim
378 3921 421 4000 iu
441 3913 603 4002 Tubulis
624 3915 923 4029 antiquioribus
947 3917 1161 4032 quidquam
1190 3918 1310 4034 opis,
1340 3945 1411 4008 aut

143 4031 368 4119 adeaslella
387 4031 579 4118 suislocis
609 4030 836 4134 reddenda,
871 4036 1005 4121 autad
1034 4057 1231 4122 torrentes
1259 4036 1408 4121 descri-

142 4149 299 4233 bendos
330 4153 483 4236 inerat.
513 4145 836 4266 Numsrusqurun
853 4147 976 4246 alias,
1003 4159 1044 4235 in
1059 4154 1138 4239 hoc
1154 4159 1286 4240 traelu
1305 4181 1409 4268 prae·

145 4263 266 4375 cipue
284 4293 338 4350 ere
349 4265 513 4354 Tabulae
541 4265 700 4388 pessime
722 4261 799 4354 sese
815 4270 990 4361 habent,
1017 4273 1232 4381 quoetiam
1257 4273 1405 4386 aequius

142 4381 227 4462 erit
241 4385 396 4465 veniam
411 4388 527 4472 nobis
545 4385 747 4478 concedi,
773 4379 801 4468 st
819 4408 888 4471 aut
901 4385 968 4470 hic
984 4406 1054 4471 aut
1078 4384 1176 4472 alibi
1191 4391 1230 4470 in
1246 4411 1407 4475 torren-

143 4494 255 4580 tibus
281 4493 576 4594 describendis,
601 4500 643 4584 id
667 4500 779 4615 quod
805 4501 854 4586 ud
870 4501 1100 4589 institutum
1125 4505 1301 4592 nostrum
1321 4537 1404 4592 non

140 4615 410 4724 pertinebat,
441 4646 567 4733 neque
595 4617 753 4704 aliunde
777 4616 920 4733 colligi
946 4642 1138 4736 poterat,
1170 4623 1354 4712 nonnihil
1381 4657 1405 4714 a

138 4729 315 4820 ueritate
330 4733 520 4830 aberrasse
533 4737 763 4834 uideamur.
1325 4787 1326 4790 κ

839 4861 870 4944 Ζ
1196 4807 1201 4818 ⁸
1230 4887 1290 4960 14.
1321 4863 1402 4952 De-
