4178 5748
660 655 740 730 106
1003 637 1562 728 OPUSGULUM
1703 679 1710 714 r

653 763 784 844 tradiu
797 747 1060 844 deserebant,
1090 753 1192 838 caelo
1210 756 1326 840 nobis
1345 751 1505 843 sereno.
1539 760 1673 840 Porro
1682 749 1725 834 in
1738 779 1788 840 eo
1802 779 1912 870 pago

650 877 846 959 certiores
862 869 955 956 sadli
972 869 1130 967 sumus,
1158 870 1311 960 incolas
1331 872 1389 957 ibi
1402 901 1475 984 per
1501 871 1711 985 hyemem,
1741 867 1914 964 faeminas

595 1053 602 1061 -
652 993 869 1077 nimirum,
889 1016 1033 1103 pueros
1051 1042 1062 1076 s
1078 993 1123 1075 δε
1136 983 1241 1072 senes
1255 993 1270 1086 (
1286 989 1363 1072 viri
1382 990 1487 1072 enim
1502 1015 1638 1072 omnes
1654 987 1829 1074 Romam
1843 987 1917 1071 ad-

651 1110 788 1194 venire
809 1101 943 1190 solent
956 1133 1048 1190 cum
1076 1106 1219 1220 equis,
1249 1105 1298 1188 ad
1314 1107 1507 1196 carbones
1520 1132 1570 1191 ex
1586 1101 1785 1216 proximis
1798 1099 1916 1217 sylvis

651 1221 929 1314 advehendoa‚
957 1247 1044 1334 quae
1061 1250 1204 1306 eorum
1218 1222 1406 1306 industria
1417 1223 1501 1324 est)
1529 1224 1668 1306 eadem
1681 1220 1797 1333 pati,
1827 1245 1916 1329 quae

650 1339 700 1422 de
715 1335 876 1451 glaciali
892 1365 994 1421 zona
1007 1335 1258 1430 reseruntur,
1289 1335 1473 1423 altiffima
1486 1340 1675 1422 nimirum
1689 1336 1777 1420 nire
1793 1337 1916 1420 obru-

593 1519 597 1526 .
652 1459 702 1538 tis
733 1453 909 1544 aedibus,
941 1483 1014 1568 per
1032 1454 1183 1540 multos
1208 1451 1309 1569 saepe
1335 1453 1444 1546 dies,
1478 1449 1777 1568 &quandoque
1803 1476 1916 1534 men·

652 1568 736 1660 ses,
768 1571 882 1653 domi
899 1567 973 1654 sure
991 1573 1049 1655 ita
1068 1568 1105 1656 se
1121 1571 1330 1660 cohiberi,
1355 1592 1401 1657 ut
1423 1571 1568 1684 pedem
1587 1564 1779 1679 nusquam
1798 1565 1917 1652 effer·

652 1718 694 1772 re
713 1684 887 1797 pollina,
918 1714 992 1770 nec
1008 1683 1130 1772 alium
1143 1685 1519 1798 liquorem‘bibant,
1539 1713 1689 1800 quam,
1716 1711 1838 1797 quem
1852 1684 1914 1766 ni-

650 1833 715 1888 ves
739 1804 830 1913 igne
847 1799 1042 1886 dissolutae
1061 1799 1280 1892 sufficiant,
1312 1805 1468 1916 ingenti
1493 1805 1649 1888 ideirco
1678 1797 1911 1911 lignorum,

650 1916 843 2004 &farinae
867 1918 1015 2030 copia,
1046 1920 1196 2031 quaein
1221 1939 1356 2004 totam
1380 1919 1562 2034 hyemem
1577 1915 1670 2002 satis
1697 1915 1773 2002 esse
1788 1912 1913 2026 pollis

649 2063 722 2151 per
738 2055 973 2120 autumnum
991 2034 1204 2148 congesta.
1229 2073 1231 2076 ·

400 2187 495 2238 saner.
514 2179 635 2253 summ
718 2177 810 2256 192.
870 2151 953 2235 Ubi
981 2151 1149 2256 trajedla
1175 2181 1221 2236 ea
1249 2148 1459 2241 editislima
1473 2149 1576 2238 valle
1603 2148 1836 2238 devenimus
1863 2143 1913 2230 ad

396 2260 638 2393 {lffflsfflfflfflj‘
653 2265 829 2380 angustas
850 2263 1009 2357 fauces,
1040 2268 1183 2378 quibus
1215 2296 1286 2378 per
1311 2265 1442 2381 ipsum
1461 2265 1643 2380 Sibyllini
1672 2265 1824 2350 montis
1848 2265 1911 2369 jr'r-

399 2416 529 2468 ramus
549 2417 638 2486 rupo.
651 2413 747 2494 gum
775 2385 816 2464 in
827 2384 1015 2467 Picenum
1041 2380 1320 2472 descenditur,
1350 2406 1464 2469 tanta
1477 2406 1564 2468 erat
1583 2383 1695 2469 venti
1717 2380 1805 2471 vis,
1832 2405 1909 2491 qua

397 2493 615 2550 '⁰⁸⁹¹“”¹⁰¹²·
648 2492 885 2600 interclusus
913 2497 1099 2610 angustiis
1141 2527 1209 2582 aer
1237 2500 1510 2612 rapiebatur,
1549 2501 1670 2584 nubes
1696 2516 1830 2580 autem
1858 2495 1910 2580 ad

645 2614 798 2698 montis
810 2609 913 2696 latus
931 2608 1052 2697 allisae
1068 2611 1316 2726 assurgebant
1334 2615 1482 2698 mirum
1498 2617 1539 2698 in
1556 2614 1749 2700 modum,
1778 2613 1824 2696 ὃ(
1838 2641 1909 2696 un·

643 2729 783 2814 darum
807 2726 926 2813 instar
939 2729 1140 2842 quandam
1155 2727 1281 2817 veluti
1310 2727 1492 2843 spumam
1515 2733 1716 2846 agebant,
1745 2750 1909 2839 utaegre

642 2842 863 2929 admodum
890 2847 1001 2958 equis
1028 2845 1222 2960 progredi
1243 2843 1412 2930 liceret.
1444 2851 1661 2936 Narratum
1690 2863 1823 2932 autem
1853 2843 1909 2932 ess

638 2960 785 3062 nobis,
813 2955 914 3074 saepe
935 2988 1028 3046 eum
1043 2959 1183 3047 locum
1201 2957 1276 3046 else
1288 2957 1451 3076 prorsus
1464 2964 1735 3077 impendum,
1766 2961 1909 3046 &non

506 3079 514 3088 '
639 3102 732 3161 raro
745 3072 958 3174 accidisse,
985 3079 1227 3176 utriatores
1250 3071 1395 3162 sublati
1411 3105 1504 3162 cum
1530 3081 1642 3191 equis
1657 3076 1747 3191 ipsis
1762 3095 1908 3167 vento·

639 3219 734 3298 rum
757 3191 826 3279 vi,
853 3187 1034 3306 &longe
1064 3189 1166 3276 allisr
1187 3192 1404 3307 perierint.
1438 3197 1519 3281 Ubi
1548 3197 1597 3277 ad
1612 3223 1724 3279 oram
1740 3187 1905 3302 oppofi·

558 3343 560 3348 ·
641 3329 728 3389 tam
740 3302 957 3391 deventum
981 3307 1038 3395 est
1051 3326 1077 3401 ,'
1097 3310 1381 3421 patuitingens
1397 3311 1537 3394 Piceni
1555 3314 1705 3394 trad’rus
1722 3309 1766 3388 in
1779 3308 1904 3391 humi·

637 3417 808 3510 liseur,
838 3417 1031 3532 &ipsum
1049 3425 1241 3535 Arquatae
1267 3423 1468 3534 oppidum
1484 3424 1535 3510 ad
1547 3424 1714 3510 Truenti
1742 3423 1849 3532 ripas
1863 3426 1904 3506 in

636 3531 833 3646 angusto,
859 3561 904 3620 ac
929 3535 1148 3624 admodum
1172 3537 1353 3650 depresso
1380 3533 1508 3626 fundo
1535 3543 1624 3636 (ibi
1649 3540 1756 3621 enim
1786 3565 1904 3624 mon·
1949 3551 1971 3592 ²
2072 3561 2074 3650 j

636 3652 742 3736 tium
753 3653 922 3766 jugum,
945 3653 1059 3767 quod
1076 3651 1528 3768 paullatimaTiberina
1550 3653 1681 3745 ualle,
1713 3675 1902 3765 tanquam

636 3797 711 3882 per
734 3768 879 3880 gradum
905 3769 1126 3882 quosdam,
1156 3767 1319 3882 assurgit
1346 3800 1419 3885 per
1428 3767 1800 3858 interamnensem,
1830 3799 1902 3884 per

635 3886 878 3977 Reatinam,
902 3914 976 3997 per
994 3883 1233 3974 Nurimum,
1251 3913 1322 3997 per
1340 3887 1579 3999 postremam
1594 3887 1696 3974 hanc
1711 3888 1805 3984 vico
1820 3915 1899 3972 me·

633 4019 797 4084 morato
815 3998 1070 4114 proximam,
1096 3996 1189 4088 casu
1202 4003 1259 4086 ibi
1286 4002 1489 4116 praecipiti
1514 4001 1658 4088 ferend
1683 4002 1897 4119 perpendi·

598 4221 600 4230 Ι
631 4112 768 4200 culum
793 4115 1029 4204 demittitur
1058 4116 1107 4204 ad
1120 4117 1286 4204 Truenti
1311 4115 1498 4228 alveum)
1523 4123 1713 4235 apparuit
1735 4122 1826 4210 ita,
1851 4137 1898 4205 ‘ut

628 4227 722 4316 srex
737 4229 950 4317 editissima
963 4231 1128 4322 senellra
1141 4262 1230 4318 area
1244 4230 1410 4338 subJeui
1426 4233 1504 4324 sori
1519 4235 1766 4350 speeiaretur
1782 4299 1791 4318 .
1825 4231 1898 4320 Sed

629 4345 770 4432 caelum
786 4348 958 4435 nubibus
973 4345 1154 4438 caeruleis
1172 4353 1366 4437 obrutum
1380 4349 1429 4436 ad
1442 4381 1552 4440 mare
1566 4349 1688 4464 usque
1704 4352 1896 4438 horrebat

626 4459 743 4550 sane.
776 4465 825 4549 lit
838 4463 1002 4579 quidem
1030 4469 1102 4556 ubi
1116 4471 1235 4554 noue
1251 4468 1331 4575 iam
1357 4466 1526 4558 obscura
1547 4469 1602 4560 ,ad
1616 4471 1817 4583 oppidum
1829 4467 1898 4552 de·

625 4609 736 4666 mum
749 4580 898 4696 delapsi
915 4578 1072 4676 sumus,
1100 4580 1200 4697 saepe
1213 4587 1321 4670 enim
1337 4586 1442 4672 inter
1457 4581 1776 4673 descendendum
1791 4581 1896 4670 obli.-

623 4723 710 4808 quo
726 4696 825 4784 licet
839 4699 986 4785 itinere
1004 4757 1019 4796 ,
1063 4707 1157 4817 equi
1174 4700 1342 4816 pedibus
1360 4707 1524 4816 paribus
1537 4703 1736 4795 omnino,
1763 4703 1810 4788 ἃ
1824 4724 1894 4814 per

620 4811 662 4932 se
676 4817 858 4906 immotis
872 4815 1154 4910 deferebantur
1173 4871 1186 4908 ι
1216 4838 1305 4902 tum
1321 4847 1418 4905 uero
1432 4825 1555 4936 carpit
1569 4823 1754 4908 immanis
1768 4821 1895 4906 imber

621 4926 834 5033 decidere,
864 4937 965 5066 qui,
997 4937 1108 5068 quud
1139 4932 1335 5052 nuspiam*
1352 4933 1447 5034 alibi
1470 4937 1681 5034 videram,
1710 4958 1893 5056 peteres

839 5102 845 5114 ·
1793 5075 1892 5141 con·
