4256 5730
623 563 680 650 32
976 535 1565 643 OPUSCULUM.

576 693 578 698 ¹
610 661 699 766 'que
714 649 872 737 trahens
890 649 1034 740 eodem
1052 659 1203 771 padio,
1235 654 1337 738 nihil
1355 653 1405 738 ad
1420 653 1574 742 sensum
1592 660 1773 749 turbabit
1798 664 1897 750 lon-

622 767 847 884 gitudinem
863 769 1028 881 penduli
1042 768 1265 858 oscillantis
1280 769 1330 856 ad
1344 769 1497 885 fingula
1510 769 1703 871 secundam
1728 776 1794 866 sed
1808 785 1894 889 ejus

620 885 742 972 molis
757 883 874 970 malla
889 883 994 971 infra
1010 883 1262 1001 superficiem
1292 885 1532 988 collocata,
1562 913 1609 976 ut
1622 896 1775 980 direc‘te
1790 925 1896 1012 pon·

620 1005 693 1092 dus
707 1025 875 1111 augeat,
910 1027 1052 1117 quarta
1076 1003 1239 1092 circiter
1264 1004 1379 1088 lineae
1412 1033 1558 1120 parte,
1588 1038 1677 1123 quae
1692 997 1895 1128 magnitu-

618 1121 675 1215 do
687 1119 743 1203 est
759 1117 976 1204 admodum
994 1121 1185 1209 notabilis
1203 1181 1215 1214 ,
1247 1119 1470 1236 pendulum
1486 1124 1749 1213 ilochronum
1774 1152 1893 1242 augei·

619 1240 684 1326 bit
700 1234 781 1342 ejus
795 1229 928 1346 pofitu
943 1235 1042 1323 nihil
1056 1239 1230 1325 mutato.
1241 1241 1282 1322 Si
1296 1257 1431 1325 autem
1445 1240 1692 1355 inaequalitas
1713 1247 1893 1332 materiae

615 1350 725 1440 'infra
753 1347 1004 1463 superficiem
1028 1354 1112 1445 alte
1143 1352 1316 1470 depreffa
1333 1350 1409 1445 fit,
1444 1383 1491 1444 ut
1507 1385 1554 1442 ut
1570 1358 1767 1453 adlatus,
1800 1359 1892 1446 satis

622 1468 787 1580 oblique
804 1464 1099 1580 pondusculum
1115 1473 1273 1563 trahet,
1296 1476 1340 1558 ac
1357 1471 1517 1562 idcirco
1532 1473 1666 1562 multo
1680 1479 1808 1562 minus
1824 1477 1892 1561 de·

626 1584 791 1674 flediets
822 1587 980 1694 pondus
1006 1613 1140 1674 autem
1157 1590 1320 1702 augebit
1343 1589 1487 1673 itidem
1501 1593 1627 1704 magis
1651 1647 1663 1680 ‚
1691 1623 1784 1680 cum
1803 1616 1893 1678 tota

625 1701 989 1813 reliquagravitate
1004 1702 1263 1819 conspirans,
1297 1703 1520 1814 &penduli
1534 1705 1738 1793 isochroni
1753 1711 1894 1821 longi-

627 1819 810 1908 tudinem
837 1819 1100 1908 immutabit.
1132 1823 1271 1910 Multo
1300 1844 1436 1907 autem
1456 1825 1586 1930 major
1609 1823 1893 1914 debebiteffe‚

626 1958 674 2019 ut
690 1930 938 2020 utrumlibet
950 1965 999 2022 ex
1010 1940 1162 2044 majore
1173 1940 1359 2026 distantia
1372 1933 1559 2025 effeetum
1576 1941 1735 2052 praestet
1753 2009 1762 2028 .
1830 2009 1833 2014 .
1940 1972 1946 1984 ·

408 2055 610 2132 nugatum
687 2071 755 2168 63,
820 2051 908 2159 Jam
925 2081 1025 2140 vero
1040 2055 1067 2142 fi
1080 2054 1346 2170 pendulorum
1367 2054 1642 2166 longitudines
1662 2055 1893 2146 observatas

375 2142 612 2294 ff,‘„is⁸',f1i'„⁰1mi'li]
627 2171 876 2260 conferamus
906 2173 1011 2259 inter
1027 2171 1093 2265 sc,
1126 2171 1396 2260 multominus
1414 2199 1478 2254 eas
1495 2170 1623 2286 alege
1642 2233 1655 2268 ,
1679 2205 1800 2286 quarn
1815 2173 1896 2259 ler-

380 2301 436 2349 *ἰῶ
472 2295 613 2367 antini
631 2317 721 2378 vare
748 2289 941 2375 deberent
957 2295 1008 2378 ab
1033 2312 1236 2407 aequatore
1264 2290 1316 2378 ad
1331 2282 1501 2403 polum,
1517 2293 1700 2376 aberrare
1720 2293 1895 2396 invenie-

379 2389 468 2447 ’ω’
488 2403 501 2428 ’
626 2435 744 2520 ωας,
775 2432 896 2516 quam
923 2407 1043 2494 hosce
1054 2406 1228 2526 gradus,
1259 2407 1330 2524 qui
1347 2406 1425 2490 huc
1457 2403 1577 2520 usque
1597 2407 1755 2493 definiti
1774 2405 1897 2504 sunt,

628 2526 740 2635 quod
768 2520 923 2610 indicio
953 2529 1129 2644 cuipiam
1158 2522 1403 2641 effepotest‚
1438 2521 1675 2637 detorqueri
1701 2553 1895 2638 perquam

628 2643 777 2755 exiguo
797 2638 1063 2730 secundorum
1076 2669 1245 2730 numero
1262 2647 1303 2727 in
1320 2641 1425 2726 latus
1441 2640 1617 2750 pendula
1630 2644 1679 2727 ab
1692 2641 1897 2753 inaequali·

630 2762 781 2847 tatibus
811 2762 853 2842 in
878 2754 1086 2875 superficie
1105 2757 1244 2879 pofitis
1261 2782 1285 2853 ,·
1307 2759 1521 2874 gravitatis
1548 2758 1634 2841 vim
1651 2758 1715 2844 vel
1728 2755 1895 2844 nibilad

627 2871 781 2962 sensum
796 2934 808 2969 ,
823 2875 885 2986 ¹vel
902 2878 1042 2965 eadem
1054 2904 1167 2966 certa
1178 2873 1266 2991 lege
1279 2875 1445 2986 augeri,
1477 2869 1541 2958 vel
1558 2874 1687 2958 minui
1707 2942 1717 2961 .
1759 2943 1763 2952 .

382 2981 613 3123 ,ξζᾶᾞηῇῗῗζ
688 3007 756 3096 64·
818 2993 865 3080 Id
881 2989 1011 3109 ipsum
1030 2996 1188 3083 videtur
1203 2991 1354 3094 confici
1369 3016 1420 3076 ex
1435 2987 1573 3072 nostro
1587 2992 1717 3102 gradu
1737 2992 1896 3080 collato

380 3138 474 3217 ganan
519 3141 719 3209 patiacum
744 3110 911 3198 Gallicis
941 3182 948 3199 .
983 3113 1140 3201 Nostrae
1168 3105 1470 3200 observationes
1500 3103 1780 3194 astronomicae
1805 3113 1897 3194 Ro·

381 3213 544 3272 ”‘¹¹f¹¹¹⁸¹”·
627 3232 702 3317 inae
732 3289 744 3323 ‚
773 3233 818 3313 &
841 3231 1017 3313 Arimini
1044 3233 1216 3342 peraeae
1242 3226 1334 3314 sunt
1361 3281 1373 3316 ‚
1404 3227 1512 3310 inter
1541 3249 1628 3332 quae
1655 3222 1749 3313 loca
1779 3251 1895 3310 non-v

626 3350 758 3432 omnis
773 3344 1059 3430 tantummodo
1076 3345 1281 3458 Appenini
1299 3343 1449 3430 nactus
1467 3337 1685 3447 interjacet
1704 3399 1716 3434 ,
1749 3339 1817 3430 sed
1831 3337 1899 3425 so-

627 3461 711 3550 lum
740 3489 860 3548 omne
886 3461 1019 3546 statim
1046 3458 1208 3575 allurgit
1236 3519 1248 3552 ,
1278 3457 1390 3574 quod
1419 3451 1588 3568 penduli
1620 3457 1898 3543 deviationem

626 3576 823 3686 ejusmodi
850 3605 988 3689 parere
1016 3576 1164 3669 debet,
1198 3606 1281 3691 quo
1310 3573 1473 3662 caelestis
1486 3601 1599 3656 arcus
1620 3575 1724 3660 binis
1750 3601 1895 3658 eorum

625 3696 812 3784 locorum
839 3693 976 3780 zenith
1002 3694 1474 3809 interjedusaugeatun
1507 3689 1551 3774 &
1568 3688 1664 3777 inde
1677 3695 1811 3780 minor
1825 3691 1900 3775 uni

625 3814 766 3928 gradui
797 3813 998 3898 tribuatur
1027 3840 1211 3898 numerus
1247 3806 1585 3926 bexapedarum.
1634 3811 1898 3896 Contrarium

495 3995 496 3998 a
625 3927 786 4018 fortasse
813 3927 963 4041 aliquid
983 3932 1156 4043 Pyrenaei
1181 3953 1340 4014 montes
1371 3931 1412 4011 in
1431 3917 1565 4010 Gallia
1588 3925 1896 4039 praestiterunt,

625 4047 874 4134 contrariam
899 4045 1007 4130 enim
1031 4039 1274 4160 politionem
1302 4047 1480 4133 habent,
1512 4040 1618 4124 unde
1645 4039 1795 4128 factum
1813 4034 1895 4136 lit,

626 4191 674 4247 ut
688 4161 759 4245 ille
782 4163 1004 4272 postremus
1029 4158 1172 4276 gradus
1203 4162 1448 4275 produdiior
1462 4155 1675 4268 aliquanto
1694 4151 1895 4250 evaserit,

625 4307 672 4365 ac
689 4276 776 4363 aliae
790 4275 986 4384 ejusmodi
1001 4273 1125 4362 causae
1151 4277 1293 4388 aliquae
1309 4301 1477 4364 caeteros
1493 4275 1618 4360 etiam
1631 4299 1704 4388 per
1718 4271 1897 4360 Galliam

623 4395 937 4511 perturbarunt,
955 4423 1127 4507 quorum
1142 4397 1334 4508 postremi
1348 4395 1375 4481 li
1389 4396 1670 4479 minuerentur
1693 4391 1894 4483 nonnihil,

622 4513 761 4599 nostro
788 4513 1030 4596 econtrario
1044 4508 1225 4595 nonnihil
1254 4519 1402 4601 aucto,
1435 4505 1531 4590 satis
1560 4503 1665 4593 belle
1693 4508 1895 4595 cumreli-

415 4659 514 4707 sums.
532 4649 608 4746 urm
623 4631 711 4740 quis
722 4626 886 4712 mutatis
899 4627 1042 4710 itidem
1053 4626 1233 4711 nonnihil
1243 4609 1587 4714 consentiuntur
1598 4627 1784 4716 &noller
1797 4618 1892 4739 ipse.

378 4751 416 4790 ‘²'
460 4728 604 4798 ¹¹⁸¹⁰s¹l⁰d¹
686 4756 754 4844 65.
816 4741 1077 4836 uerumnaec
1109 4747 1244 4860 omnia
1263 4741 1443 4861 pluribus
1464 4738 1813 4856 observationibus
1832 4772 1896 4829 re-

376 4809 572 4885 expeditlenunt
583 4839 593 4862 ·

1752 4861 1898 4976 petitis
