4256 5730
196 785 275 872 rita
286 772 555 892 equilibrium
568 775 706 860 haberi
729 799 813 858 non
839 769 977 886 polle,
1010 765 1075 854 sed
1092 761 1341 879 superficiem
1365 681 1456 854 ean?

195 903 284 986 dem
312 903 364 983 ab
382 913 583 1007 aequatore
613 892 663 975 ad
688 890 807 1006 polos
834 887 1036 998 declivem
1061 882 1366 994 quodammodo
1383 883 1455 974 elle

194 1017 369 1105 debere,
397 1031 447 1094 ut
478 1005 739 1122 gravitarilla
764 999 988 1118 compotita
1015 997 1088 1116 ipsi
1114 995 1339 1117 superficiei
1363 1029 1456 1116 per·

193 1127 462 1250 pendicularis
479 1122 667 1211 evaderet
684 1189 695 1211 .

262 1279 324 1354 19.
383 1248 435 1328 Et
459 1241 623 1354 quidem
649 1243 855 1353 Hageniue
884 1245 1129 1355 gravitatem
1160 1239 1307 1330 eodem
1332 1243 1459 1330 modo
1573 1259 1701 1318 erratu

195 1359 460 1454 confideravit
478 1413 490 1448 ‚
522 1388 604 1468 quo
617 1356 792 1443 Galileus
808 1357 1159 1450 confideraverat,
1185 1357 1456 1456 uniformem,
1472 1344 1701 1481 ml&

196 1488 242 1580 δι
254 1481 304 1567 ad
319 1500 476 1564 certum
493 1477 684 1587 punctum
696 1474 916 1562 diret‘tam.
950 1479 1009 1559 At
1028 1480 1291 1566 neuturus,
1320 1481 1389 1592 qui
1404 1479 1457 1564 ad
1472 1521 1527 1564 ae·
1660 1483 1672 1496 ”

195 1595 421 1686 machinam
445 1584 665 1676 universam
691 1590 885 1676 mundani
902 1587 1118 1709 systematis
1130 1589 1383 1704 generalem,
1409 1599 1457 1684 δε

196 1737 385 1802 mutuam
411 1709 647 1820 gravitatem
662 1707 926 1798 adhibuerat,
960 1705 1034 1790 hac
1052 1703 1136 1816 ipsa
1159 1711 1208 1793 ad
1221 1707 1391 1798 Telluris
1408 1716 1452 1798 li·

198 1859 345 1946 guram
360 1821 697 1910 determinandam
713 1819 891 1907 estusus.
924 1819 1074 1908 Censet
1086 1825 1119 1906 is
1130 1828 1320 1912 nimirum
1339 1883 1351 1918 ,
1367 1859 1454 1942 gra·

199 1939 594 2054 ritatemnondirigi
609 1937 826 2022 adcertum
840 1943 1060 2052 paredrum.
1092 1938 1206 2050 quod
1217 1938 1362 2027 habeat
1377 1971 1452 2058 pro

197 2049 340 2148 centro
357 2115 370 2150 ,
399 2051 467 2142 sed
483 2058 743 2170 componier
759 2075 900 2140 mutua
911 2054 1249 2142 determinatione
1273 2062 1455 2168 particu-

197 2178 328 2264 larum
342 2174 519 2262 materiae
535 2171 749 2256 accedendi
762 2169 811 2252 ad
825 2167 1072 2264 seinvicem,
1098 2199 1220 2284 quarn
1235 2177 1358 2260 etiam
1370 2205 1456 2262 mu.

196 2317 315 2384 tuam
329 2291 615 2378 attraerionem
630 2285 830 2400 appellat.
862 2293 992 2374 Porro
1015 2287 1128 2394 hujus
1143 2292 1395 2378 attradlion‘is
1409 2319 1458 2377 ea

198 2413 256 2497 est
271 2408 365 2498 lex,
397 2427 444 2489 ut
457 2399 663 2518 particulae
675 2403 841 2516 aequales
856 2406 897 2486 in
910 2399 1050 2489 iisdem
1073 2403 1454 2524 distantiiraequead

196 2523 432 2612 seinvicem
461 2521 652 2612 tendant;
679 2524 843 2608 mutatis
868 2549 965 2608 vero
992 2523 1218 2617 distantiis,
1248 2543 1458 2612 mutentur

196 2641 465 2730 &virtulem
495 2658 543 2720 ut
557 2641 598 2720 in
610 2639 824 2743 majoribus
837 2638 1031 2724 distantiis
1044 2641 1218 2726 minores
1232 2639 1307 2727 srnt
1322 2640 1457 2726 secun·

196 2759 300 2847 dum
325 2785 412 2842 eam
427 2753 582 2867 legem,
612 2783 731 2863 quam
744 2759 971 2860 Geometrae
997 2779 1144 2842 vocant
1173 2761 1457 2873 reciprocam,

198 2873 452 2990 duplicatam
467 2871 768 2965 distantiarum,
798 2896 845 2957 ut
859 2872 1048 2956 nimirum
1062 2875 1252 2960 existente
1272 2873 1461 2959 distantia
1589 2893 1593 2900 '

197 2989 355 3107 dupla,
388 2985 537 3101 tripla,
573 2985 637 3070 vel
652 2987 853 3101 decupla,
883 2975 932 3072 fit
943 2986 1141 3092 ejusmodi
1156 2991 1215 3072 vis
1227 2991 1286 3076 bis
1301 2988 1458 3100 duplo,

195 3127 263 3198 ter
294 3101 455 3218 triplo,
485 3101 550 3186 vel
566 3103 696 3186 decies
722 3103 898 3214 decuplo
921 3106 1079 3194 minor,
1108 3099 1184 3186 five
1205 3099 1459 3216 quadruplo,
1552 3203 1555 3216 Ι

193 3220 412 3332 noncuplo
430 3273 444 3307 ,
473 3218 539 3302 uel
550 3215 747 3326 centuplo
764 3220 923 3302 minor.

260 3363 336 3424 20.
397 3337 443 3416 ln
471 3325 766 3444 hachypothefi
791 3335 1030 3444 gravitatis,
1056 3338 1127 3424 ubi
1150 3340 1199 3422 ad
1227 3334 1461 3428 servandum
1526 3357 1606 3420 nte
1633 3379 1702 3424 nov·

195 3449 471 3567 equilibrium
486 3443 613 3560 figura
632 3440 873 3565 sphaericain
897 3450 1120 3564 elliptictm
1136 3458 1249 3546 abit,
1283 3435 1635 3571 novara-·{'{;‘{},²¹³';⁸
1643 3460 1704 3572 ξζζ

197 3575 267 3658 tio
295 3571 478 3653 exoritur
505 3562 740 3650 differentia
768 3570 1003 3678 gravitatis,
1036 3597 1123 3681 quae
1152 3573 1293 3656 itidem
1324 3569 1513 3686 figurator
1530 3551 1613 3651 nri,
1632 3609 1702 3650 eoa·

200 3684 398 3774 terrestris
426 3681 800 3770 determinationem
827 3683 1089 3796 ingreditur,
1135 3687 1245 3800 quod
1272 3668 1584 3776 nimirumt'ffl·

201 3795 429 3920 particula,
460 3823 546 3910 quae
559 3800 602 3878 in
614 3795 773 3884 diverfis
795 3795 1018 3914 superficiei
1038 3801 1142 3888 loeis
1159 3803 1215 3887 est
1227 3799 1459 3902 collocata,

202 3916 364 4010 diverso
378 3914 507 4003 modo
520 3912 691 4026 respicit·
700 3915 870 4029 reliquas
884 3947 1020 4004 omnes
1039 3916 1255 4034 particular
1271 3916 1460 4032 sphaeroi-

205 4035 268 4122 dis
281 4036 410 4122 totius
429 4087 440 4121 ‚
472 4027 667 4116 diversam
683 4036 872 4119 nimirum
888 4036 1008 4122 habet
1025 4037 1312 4124 &distantiam
1329 4039 1382 4122 ab
1393 4040 1458 4130 iis,

204 4155 251 4240 ὅ(
274 4149 519 4268 politionem
545 4143 728 4262 respedtu
753 4149 954 4265 ipsarum.
986 4153 1083 4238 Inde
1109 4151 1191 4246 fit,
1221 4174 1269 4237 ut
1287 4155 1459 4266 genitas

206 4295 256 4352 ex
275 4271 460 4356 omnibus
486 4261 682 4374 ejusmodi
709 4270 970 4379 gravitatibus
982 4269 1206 4386 eompofita
1230 4267 1350 4354 aliam
1362 4269 1462 4360 alibi

186 4383 258 4492 ,δι
279 4387 618 4500 magnitudinem,
650 4384 696 4467 ὅ(
722 4386 986 4473 diredtionem
1011 4389 1159 4474 habeat
1175 4443 1194 4479 ‚.
1219 4412 1338 4501 atque
1356 4387 1460 4474 illud

212 4497 256 4579 in
280 4503 414 4612 primis
427 4501 713 4588 demonstrarit
726 4505 962 4610 Nevtonue
982 4558 994 4595 ,
1024 4504 1067 4607 in
1090 4505 1198 4619 polit
1225 4502 1460 4621 lphaeroidis

210 4619 463 4728 eompreliae,
491 4621 536 4704 δι
558 4617 773 4705 constantis
792 4643 842 4706 ex
865 4624 1031 4708 materia
1058 4621 1308 4738 homogenea
1333 4620 1460 4724 majo·

211 4761 297 4820 rem
324 4732 439 4827 fore,
465 4767 583 4850 quam
598 4742 639 4822 in
665 4759 890 4848 aequatore:
921 4738 1026 4824 unde
1039 4735 1115 4835 fit,
1145 4765 1192 4826 ut
1219 4743 1261 4821 in
1274 4739 1359 4842 ejus
1386 4735 1461 4848 hy·

210 4847 366 4968 potheli
392 4855 673 4982 &gravitatis
699 4853 975 5054 inaequalite?
1005 4859 1050 4943 δι
1066 4853 1305 4970 compteffio
1325 4849 1461 4989 Tellu-

1409 4997 1466 5059 nr
