4136 5778
445 611 586 750 ogo
647 619 686 706 s
744 615 792 706 rs·
845 615 981 708 ru
1035 615 1108 702 rs.
1330 641 1418 738 ,η

149 745 217 832 nia
248 739 466 860 diligenter
491 738 759 856 perpenderit
782 772 794 834 ;
822 737 981 826 videbit
1012 731 1103 822 sane
1131 791 1144 830 ‚
1170 733 1309 830 nostro
1338 771 1415 832 nos

145 867 309 951 'rnunere
334 889 420 947 non
436 855 659 944 infeliciter
688 855 848 944 fundos
864 853 940 942 esse
956 923 964 942 .

140 1004 144 1010 '
207 997 305 1095 328.
340 985 405 1066 De
426 975 629 1063 methodis
644 972 882 1091 quibusdam
908 970 1178 1068 subsidiariis,
1205 1005 1295 1096 quae
1309 979 1350 1067 in
1365 952 1659 1116 eaffffl'ffl‘

143 1131 185 1186 re
205 1101 441 1186 adhibitaea
463 1096 581 1198 nobis
609 1091 726 1183 sunt,
757 1092 819 1177 vel
845 1121 934 1208 quae
966 1093 1150 1182 adhiberi
1177 1095 1339 1211 possunt
1369 1102 1529 1184 intuens·

140 1215 343 1324 'ejusmodi
372 1213 613 1329 provincia,
640 1209 818 1298 adessent
840 1212 1010 1296 dicenda
1037 1211 1202 1328 aliqua,
1227 1243 1316 1328 quae
1348 1238 1410 1306 ta-

142 1362 237 1420 men
254 1337 392 1418 omnia
419 1332 725 1443 praetermitto,
755 1357 849 1414 curn
877 1329 958 1416 hoc
985 1357 1138 1445 caput,
1164 1335 1278 1444 quod
1306 1361 1411 1428 con.

140 1451 311 1538 tradiius
332 1449 582 1564 speraveram
598 1445 781 1534 futurum
810 1447 914 1540 elle,
948 1449 994 1536 st
1020 1450 1123 1533 mibi
1140 1457 1279 1537 animo
1308 1479 1409 1565 pro·

133 1565 378 1682 posueram,
408 1567 490 1674 jam
507 1565 595 1679 plus
611 1593 728 1682 aequo
753 1567 1011 1655 excreverit..
1041 1569 1305 1656 Innuamhoc
1331 1569 1407 1654 in..

135 1700 287 1800 'genere
302 1683 594 1770 tantummodo
612 1714 734 1772 unum
752 1741 765 1776 ‚
790 1709 916 1798 atque
931 1684 1106 1772 alterum
1126 1751 1135 1772 .

194 1831 296 1914 329.
329 1805 373 1887 ln
390 1803 714 1916 primisMairius
729 1799 971 1918 opusculo3
998 1824 1142 1890 annm.
1167 1835 1218 1908 17
1249 1805 1406 1904 docet,
1457 1819 1657 1880 oramine·

131 1949 218 2038 quo
237 1926 365 2036 patto
385 1916 546 2004 definiri
563 1920 684 2036 possit
701 1917 855 2036 positio
876 1920 989 2011 loci,
1018 1949 1069 2006 ex
1085 1951 1170 2036 quo
1190 1919 1406 2012 videantur
1436 1903 1489 2052 ¹52¹
1498 1899 1656 2046 “¹1:⁶⁶⁰ng

129 2042 212 2126 'tria
230 2039 329 2124 loca
339 2040 420 2148 jam
435 2065 488 2123 co
517 2041 635 2130 nita,
664 2035 973 2126 licetillelocus
1000 2043 1116 2153 prior
1130 2071 1182 2131 ex
1207 2043 1323 2129 nullo
1337 2073 1407 2130 eo·
1439 2074 1510 2112 tm
1526 2053 1658 2125 erolfu-

127 2157 221 2246 'rum
252 2151 461 2272 cospetto
484 2069 556 2241 (st.
587 2161 737 2244 Praeter
764 2154 965 2246 calculum
989 2157 1124 2246 multo
1153 2157 1308 2248 facilius
1329 2191 1404 2276 pes
1439 2152 1523 2194 '⁸¹⁸⁰

127 2277 482 2363 constructionem
495 2275 537 2358 id
550 2276 765 2388 problema
777 2271 950 2364 solvitur
970 2335 980 2370 ‚
1006 2280 1406 2368 cuiusconstruetio·

124 2399 189 2483 iris
203 2389 296 2480 usus
314 2394 353 2476 in
383 2395 654 2481 costructione
680 2415 919 2511 mapparum
939 2393 1114 2483 summus
1144 2397 1220 2486 esse
1239 2397 1405 2512 potesis

121 2509 295 2641 possunt
322 2513 431 2622 enim
461 2513 543 2621 ejus
565 2516 699 2600 'etiarn
726 2543 807 2630 ope
824 2519 968 2602 evitari
997 2509 1114 2600 facile
1128 2544 1285 2603 errores
1317 2545 1407 2601 osn-

122 2659 223 2717 nes.
253 2630 322 2746 qui
337 2627 574 2720 subsensum
596 2632 777 2719 cadant.
858 2637 1023 2719 uoniam
1039 2631 1303 2720 innotescunt
1330 2630 1405 2716 illa
1540 2657 1546 2666 ·

120 2749 207 2834 'tria
226 2747 347 2838 loca,
378 2775 466 2860 quae
496 2746 720 2834 indecens
766 2753 833 2833 dia
866 2771 968 2839 unt,
997 2741 1220 2834 ssmediunr
1248 2772 1403 2831 conne-

120 2869 264 2954 'c0tatur
279 2893 373 2953 curn
386 2865 606 2952 extremis,
639 2866 685 2950 bt
715 2891 816 2976 uper
828 2891 891 2949 eas
905 2863 1018 2949 binas
1033 2869 1161 2950 rectas
1174 2861 1403 2950 describan-

119 3003 194 3072 tur
210 2985 308 3069 bina
326 2979 529 3096 segmenta
557 2979 732 3074 circuli,
760 3007 847 3096 quat
871 2984 1114 3068 contineant
1134 2979 1302 3094 angulos
1326 2976 1398 3068 sub

118 3101 273 3213 ¹quibus
288 3097 421 3184 eloco
436 3095 732 3186 observationis
756 3093 846 3184 visae
870 3097 960 3184 sunt
976 3099 1058 3184 illae
1078 3103 1199 3186 reesa
1218 3095 1392 3188 eaedemt

116 3221 165 3304 in
195 3211 288 3329 ipso
310 3209 511 3299 concursu
535 3243 678 3302 eorum
709 3215 1008 3330 segmentorum
1092 3217 1280 3331 riplreriae
1310 3216 1393 3302 erit

115 3334 239 3422 locus
254 3327 578 3428 observationis,
610 3338 682 3446 qui
709 3333 869 3423 idcirco
887 3247 1116 3422 innoteliit
1132 3337 1175 3418 in
1190 3330 1276 3450 ipsa
1288 3360 1391 3420 con·

116 3449 375 3546 stmeione,
402 3477 453 3536 ex
466 3479 546 3564 qua
555 3448 678 3540 'sacile
692 3447 893 3538 transferri
906 3455 1041 3565 potest
1055 3455 1097 3538 in
1112 3480 1325 3568 mappam.

184 3596 287 3682 330.
320 3568 376 3655 Ea
403 3569 620 3656 methodus
648 3567 806 3656 summo
828 3569 886 3656 est
909 3566 1025 3666 usui,
1052 3575 1123 3661 ubi
1149 3569 1385 3658 observatio
1402 3595 1515 3667 eramo
1533 3613 1565 3656 es
1584 3615 1640 3657 ιι.

116 3687 347 3775 instituitur
374 3715 396 3774 e
423 3710 565 3773 monte
591 3689 757 3804 aliquo,
782 3693 825 3773 in
851 3717 936 3802 quo
961 3687 1094 3774 nullus
1118 3685 1168 3772 lit
1182 3709 1319 3773 certus
1344 3686 1388 3772 li·
1402 3678 1497 3815 2¹:33¹·
1526 3680 1637 3736 ’‘w“

114 3837 203 3896 rnes
240 3803 395 3897 ‚nulla
429 3828 544 3890 certa
584 3810 710 3893 arbor·
734 3803 900 3919 reliquis
936 3803 1071 3892 multo
1096 3801 1316 3918 indgnior,
1342 3808 1384 3890 in
1485 3788 1496 3819 ”

109 3943 242 4040 'quarn
257 3921 494 4011 aliiselocis
521 3922 746 4009 collineare
772 3921 897 4009 liceat
911 3945 924 4009 .·
949 3923 1055 4009 Tum
1076 3927 1184 4012 enim
1208 3922 1286 4009 hac
1304 3951 1386 4008 rne-

112 4035 255 4128 thodo
271 4037 430 4128 deliniri
460 4039 595 4154 potest
625 4037 865 4155 locusipse,
891 4043 1036 4155 inquo
1061 4035 1295 4130 observatio
1324 4041 1386 4124 in·

115 4159 331 4251 stituitur,
357 4189 404 4244 ac
420 4187 475 4246 ex
489 4185 542 4243 eo
559 4158 690 4243 dune
702 4163 822 4244 restae
838 4157 952 4247 lineae
970 4159 1020 4245 ad
1045 4158 1139 4248 loca
1155 4159 1247 4244 inde
1272 4152 1383 4252 risa,

111 4301 238 4363 unam
264 4274 446 4387 ipsorum
474 4273 666 4361 locorum
693 4275 963 4364 directionem
987 4279 1236 4365 exhibebunt
1261 4331 1276 4366 ,
1301 4303 1383 4388 qua

111 4390 343 4495 conjunsia
353 4423 446 4480 cum
460 4389 540 4480 alia
553 4391 685 4504 aliqua
708 4421 759 4480 ex
773 4393 857 4478 alio
882 4391 1076 4508 locoquo
1109 4399 1188 4482 iam
1204 4421 1256 4480 co
1288 4395 1381 4482 nito

112 4510 247 4597 duc‘ia
282 4509 331 4594 ad
361 4511 535 4628 eundern
559 4511 700 4596 locum
725 4511 1061 4598 determinabitur
1075 4423 1188 4599 liseur
1205 4421 1289 4628 ipse
1309 4579 1319 4598 .

95 4645 110 4682 ³
189 4656 283 4738 331.
332 4632 570 4717 Communis
602 4627 789 4715 locorum
828 4627 1118 4717 determinatio
1158 4625 1382 4722 conformis

108 4743 338 4866 progressui
353 4745 542 4863 poligoni
557 4745 641 4838 est,
666 4773 762 4830 curn
778 4743 891 4834 locus
917 4750 1048 4836 adhuc
1066 4751 1229 4862 ignotus
1255 4727 1632 4879 ⁰⁶f05·90rffi‘isss¹s'⁸‚⁸ii

112 4889 185 4954 tur
201 4866 342 4957 ebinis
363 4863 474 4962 locis
495 4867 580 4982 jasn
595 4866 804 4985 cognitis,
832 4895 884 4957 ex
898 4869 1042 4982 quibus
1056 4864 1383 5072 determinenetpp
1397 4883 1633 4962 caussatus.

174 5003 177 5008 ’
1260 5011 1304 5072 te
