4256 5730
570 549 602 630 P
661 549 702 634 R
760 545 780 626 I
839 547 885 629 M
945 545 984 628 U
1028 544 1114 628 M.
1431 565 1480 646 ςς

220 685 268 752 ut
283 657 388 750 cesar
401 685 541 748 omnes
558 715 569 749 ,
584 665 629 748 d<
644 663 801 774 tuguria
818 683 1038 772 occuparet
1055 725 1063 742 .
1096 655 1252 746 Nostrae
1265 663 1389 748 etiam
1415 661 1487 746 do·

222 812 305 872 mus
333 781 482 865 atrium
509 776 747 974 impleverat
772 807 900 890 aqua,
931 781 974 864 δι
987 779 1068 883 jam
1093 775 1204 862 scalis
1233 777 1284 862 ad
1310 775 1486 892 superius

221 895 448 986 tabulatum
474 923 552 978 con
570 895 793 983 cendebat,
826 922 906 979 non
920 891 997 980 sine
1011 891 1237 1008 aliquorum
1262 917 1404 986 metu,
1435 922 1486 979 ne

220 1044 295 1106 nos
311 1019 532 1102 obrueret,
562 1012 674 1123 quod
691 1017 732 1096 in
748 1033 861 1098 tanta
875 1014 996 1098 maris
1013 1009 1187 1102 vicinia,
1218 1041 1300 1124 quo
1317 1008 1355 1096 se
1373 1040 1488 1126 aqua·

221 1164 313 1221 rum
341 1127 749 1219 moreeeffundebat,
782 1126 867 1214 fieri
884 1130 1053 1214 omnino
1080 1160 1161 1216 non
1188 1152 1386 1246 poterat,
1415 1124 1488 1212 nifi

223 1247 335 1338 sorte
353 1243 526 1362 ipsarum
541 1275 730 1359 aquarum
756 1247 816 1332 vis
832 1244 1042 1334 convulsas
1058 1250 1193 1362 potius
1208 1248 1309 1333 redes
1322 1243 1490 1335 evertis·

223 1364 306 1456 set.
338 1369 477 1476 Longe
492 1366 687 1477 graviusa
711 1361 1072 1478 sameptricuium⁴
1107 1371 1184 1452 Per
1194 1364 1493 1477 oetointegros

222 1485 307 1570 dies
336 1477 475 1568 obsessr
503 1481 784 1571 constitimus,
817 1483 862 1566 st
887 1484 1003 1569 nobis
1030 1481 1194 1596 quidem
1223 1507 1381 1568 annona
1409 1507 1493 1564 non

223 1594 434 1689 defuisset,
461 1593 527 1684 sed
555 1595 786 1686 miserabilis
810 1625 880 1684 nos
904 1601 1075 1712 angebat
1095 1618 1161 1685 tot
1177 1600 1347 1712 inopum
1375 1599 1511 1682 turba.

225 1719 344 1803 omni
369 1711 565 1804 alimento
591 1715 811 1804 destituta,
842 1743 935 1800 curn
950 1719 1121 1826 quibus,
1148 1741 1408 1832 quecumque
1426 1739 1499 1826 pn·

229 1853 316 1918 rata
333 1858 410 1943 pro
440 1833 554 1918 nobis
571 1829 759 1926 fuerant,
791 1835 936 1946 partiri
963 1855 1049 1918 erat
1071 1862 1198 1946 opus.
1229 1828 1496 1916 Admodum,

226 1941 439 2036 difficulter
465 1947 516 2034 ad
541 1944 801 2036 Portuensem
830 1951 971 2036 urbem
991 1972 1139 2035 contra
1169 1944 1344 2036 fluminis
1371 1945 1499 2058 impe·

225 2087 314 2152 tum
329 2091 401 2176 per
420 2063 613 2151 undantes
627 2093 792 2180 campos
813 2064 1038 2152 naviculam
1058 2059 1264 2151 mifimus,
1296 2079 1342 2146 ut
1356 2085 1500 2172 panem

223 2179 463 2274 adveheret,
497 2179 563 2266 sed
580 2183 647 2268 vix
667 2180 769 2270 ullus
801 2179 951 2270 ibidem
970 2186 1157 2268 inventur
1174 2179 1314 2296 panis,
1345 2179 1389 2260 in
1405 2175 1501 2262 urbe

224 2297 416 2382 nimirum
434 2300 596 2412 penitus
624 2298 790 2414 diruta,
821 2302 932 2384 intra
960 2328 1078 2412 quam
1105 2303 1174 2386 vix
1198 2323 1303 2382 nunc
1326 2289 1501 2408 quidem

223 2413 373 2525 viginti
385 2413 564 2498 homines
579 2417 740 2501 vivunt.
758 2416 846 2533 Ipse
861 2414 931 2502 ille
944 2419 1074 2503 Pistor
1088 2475 1099 2508 ‚
1114 2419 1183 2528 qui
1196 2439 1341 2528 panem
1354 2408 1489 2497 Rusti·

221 2531 284 2616 cia
296 2529 737 2637 circumjacentium&
754 2534 886 2650 ipsum
904 2531 1049 2618 ostium
1062 2531 1294 2621 Tiberinum
1309 2525 1488 2613 incolen-

219 2647 333 2734 tibus
348 2639 517 2740 sufficit,
548 2647 868 2767 profugeratper
892 2679 961 2734 eoa
976 2648 1061 2736 dier
1077 2677 1154 2734 aere
1182 2643 1314 2734 alieno
1327 2645 1487 2755 gravis,

219 2789 297 2848 nec
313 2759 447 2848 ferinae
459 2766 706 2880 quidquam,
732 2797 807 2854 nec
823 2765 1013 2854 srumenti
1033 2766 1276 2879 reliquerat.
1310 2763 1389 2846 Res
1403 2779 1489 2848 erat

216 2875 311 2966 sane
342 2877 694 2969 commiseratione
720 2881 975 3000 dignissima,
1002 2885 1145 2996 &quae
1172 2883 1394 2994 lacrymer,
1425 2871 1489 2960 vel

217 2997 364 3084 invitis
390 2997 584 3091 eliceret,
614 3031 708 3086 cum
728 3025 883 3090 tantam
899 2998 1130 3087 miserorum
1153 2997 1311 3085 turbam
1337 2992 1491 3078 videre*

217 3143 311 3198 mus
332 3116 374 3196 in
390 3110 550 3200 summis
582 3122 785 3226 tuguriis,
813 3120 856 3198 in
872 3119 1094 3201 cimbatum
1124 3111 1238 3198 malis
1265 3105 1488 3223 pallentes,

220 3225 586 3342 trepidantesque,
614 3258 659 3314 ac
672 3259 818 3344 panem
830 3229 1090 3316 inclamantes
1104 3227 1402 3316 exaudiremur.

218 3407 227 3416 .
294 3370 388 3442 104.
449 3347 500 3428 Et
526 3347 845 3461 primoquidem
870 3346 963 3440 die,
989 3377 1082 3434 cnm
1106 3345 1211 3432 forte
1224 3371 1415 3456 campos,
1443 3376 1489 3434 ac
1505 3380 1645 3452 rernm,
1665 3387 1728 3445 m.

223 3463 331 3576 ripas
350 3457 572 3572 telescopio
603 3461 987 3577 circumspicerem,
1018 3485 1184 3582 repente
1208 3459 1305 3546 mihi
1322 3455 1400 3544 sese
1414 3469 1490 3551 ob·
1500 3457 1729 3593 f‘sfflssbtfffif·

226 3579 325 3666 tulit
342 3575 420 3664 fere
447 3573 561 3662 mille
587 3580 753 3692 paffibus
769 3581 912 3695 procui
937 3581 1149 3698 religiosus
1175 3581 1238 3666 vir
1262 3552 1643 3682 eminane-cirins
1668 3555 1682 3594 ⁶
1710 3555 1727 3591 ⁰

226 3723 314 3784 rum
332 3693 513 3787 familia,
546 3727 639 3790 cum
650 3701 819 3812 egregiae
834 3695 921 3784 sane
943 3701 1093 3787 indolis
1109 3691 1389 3790 adolescente,
1420 3700 1491 3811 qui

226 3814 332 3902 inter
347 3805 488 3900 densos
508 3813 702 3931 cespites,
719 3815 813 3902 dum
830 3845 852 3900 e
869 3813 1076 3908 Portuenfi
1091 3819 1187 3904 urbe
1199 3816 1250 3901 ad
1262 3814 1488 3902 naviculam

227 3933 334 4022 suam
352 3925 670 4024 descenderent,
702 3935 817 4019 undis
834 3938 989 4022 circum
1015 3929 1138 4024 affufir
1162 3933 1336 4021 cohibiti
1364 3991 1374 4022 ,
1404 3928 1487 4018 sru-

225 4052 299 4138 stra
326 4080 465 4134 manus
495 4055 740 4144 tendebant,
771 4050 1132 4144 &inclamabam
1164 4045 1484 4161 necconspet‘ii,

225 4197 296 4254 nec
312 4168 521 4256 exauditi.
553 4173 739 4258 Cimbam
752 4166 894 4262 illico,
919 4203 1010 4260 cum
1025 4172 1166 4288 peritis
1184 4169 1414 4256 hominibus
1433 4197 1485 4252 eo

228 4283 472 4380 dimisimus,
505 4291 550 4374 ὅ(
575 4295 618 4373 in
646 4288 794 4372 nostras
813 4290 913 4374 aedes
928 4290 1117 4377 advec‘ios
1140 4277 1488 4374 communimensa

229 4403 437 4494 nobiscum
450 4411 677 4522 excepimus
694 4433 767 4518 per
785 4436 853 4490 eos
870 4409 953 4496 dies
971 4475 980 4494 .
1012 4409 1106 4492 Erat
1119 4426 1252 4490 autem
1277 4407 1308 4490 ia
1322 4401 1485 4518 quidem

229 4521 377 4608 nobilia
391 4525 599 4612 Helvetios
613 4520 886 4618 Adolescens,
918 4531 987 4640 qui
1014 4525 1063 4611 ad
1080 4514 1168 4611 suos
1184 4525 1226 4605 in
1245 4517 1485 4634 Neapolita·

226 4667 285 4723 no
310 4671 436 4755 regno
463 4646 683 4732 militantes
710 4668 872 4728 amatre
900 4644 1059 4740 missus,
1090 4663 1259 4752 argento
1287 4633 1483 4747 spoliatus

224 4759 340 4844 omni
364 4763 407 4846 in
436 4768 605 4854 itinere,
640 4765 826 4850 omnibus
843 4767 923 4872 jam
948 4765 1063 4850 rebus
1088 4765 1138 4848 ad
1165 4761 1244 4840 iter
1269 4749 1487 4840 necessariis

1380 4899 1489 4961 care·
