4178 5748
669 615 745 680 rw
1001 591 1574 682 ·OPUSGULUM

668 708 869 794 corredlas
893 701 1129 795 continebat
1158 705 1318 794 libellus
1345 769 1356 803 ‚
1383 717 1494 820 cujus
1523 712 1735 800 maximam
1759 709 1930 802 babeba-

670 855 755 911 mus
780 851 946 918 curam,
973 855 1046 910 nec
1074 828 1124 908 in‘.
1142 849 1298 914 montes
1325 857 1496 944 unquam
1519 825 1728 915 nobiscum
1745 857 1929 916 evexera-

659 973 779 1029 λιηιιε.
810 947 870 1025 Εο
886 941 966 1028 'dia
991 943 1088 1030 sato·
1106 945 1282 1057 quodam
1312 945 1466 1032 delatus
1481 944 1649 1052 suerat,
1677 968 1723 1030 ut
1748 948 1928 1059 quaedam

665 1057 879 1173 superioris
894 1065 985 1147 anni
998 1057 1292 1149 observationes
1304 1061 1585 1149 conferrentur
1596 1091 1689 1150 cum
1703 1067 1845 1150 novis.
1864 1067 1928 1171 In-

666 1202 728 1262 ter
757 1177 867 1263 illam
895 1181 1211 1292 trepidationem
1240 1177 1770 1294 initioingruentispluviae
1797 1177 1928 1294 ipsum

664 1293 870 1381 deserenti·
888 1297 1113 1382 exciderat.
1150 1297 1232 1380 Ubi
1244 1326 1335 1382 eum
1361 1297 1485 1382 deesse
1502 1298 1715 1388 constitit,
1742 1327 1820 1410 ego
1838 1296 1927 1410 qui·

664 1413 753 1498 dem
788 1419 828 1496 in
845 1414 929 1532 ipsa
956 1413 1093 1528 pluvia
1120 1415 1259 1528 jugum
1289 1443 1407 1501 omne
1433 1414 1670 1530 perlustrari
1699 1410 1925 1507 sollicitus,

661 1533 955 1646 necquidquam
972 1599 980 1616 .
1008 1529 1235 1645 Insequenti
1249 1531 1314 1616 die
1329 1531 1459 1646 plures
1477 1532 1660 1620 Rusticos
1675 1534 1810 1644 pretio
1826 1559 1926 1618 con·

657 1647 804 1734 dunos
823 1651 966 1737 eodem
996 1650 1171 1738 reduxi,
1204 1651 1249 1733 dc
1274 1671 1320 1734 ut
1338 1652 1380 1731 in
1394 1647 1581 1763 leporum
1604 1651 1818 1735 venatione
1836 1645 1923 1734 fieri

657 1764 792 1857 solet,
825 1767 952 1880 longo
979 1765 1123 1849 ordine
1156 1791 1291 1852 totum
1317 1764 1635 1880 perlustravimus
1655 1762 1851 1858 dorsum,
1883 1769 1923 1849 in

652 1929 654 1933 .
687 1915 740 1969 uo
756 1885 923 1968 edudlus
938 1880 1068 1969 suerat
1085 1941 1096 1974 ,
1128 1881 1366 1998 apertusque
1382 1917 1393 1977 ;
1424 1881 1489 1968 sed
1503 1881 1600 1968 licet
1616 1877 1778 1966 dorsum
1794 1881 1921 1995 ipsum

656 1913 706 2085 llt
741 1999 907 2086 herbula
930 1998 1083 2084 humili
1114 2001 1400 2088 tantummodo
1429 2003 1724 2089 convestitum,
1757 2001 1924 2084 inveniri

606 2215 607 2218 .
660 2115 774 2204 nullo
799 2115 925 2204 modo
955 2119 1121 2230 potuit,
1153 2146 1226 2202 nec
1243 2115 1432 2205 satellites
1457 2149 1506 2203 eo
1523 2110 1676 2204 Perusra
1696 2113 1819 2201 emiffi
1834 2145 1923 2202 curn

409 3077 467 3143 Birt
483 3079 634 3154 reparatio,

658 2235 744 2319 aliis
756 2236 954 2327 Rustico,
970 2263 1044 2318 nec
1058 2238 1220 2350 praemi'a
1233 2234 1421 2350 promissa
1435 2235 1675 2350 prosuerunt
1688 2233 1919 2346 quidquam.

657 2349 864 2463 Nusquam
882 2354 1048 2464 reperiri
1069 2354 1234 2467 potuit.
1267 2357 1398 2438 Porro
1423 2373 1534 2436 tanta
1549 2355 1590 2434 in
1615 2381 1666 2435 eo
1684 2352 1918 2464 inquirendo

657 2497 752 2554 cura
770 2467 1065 2562 adhibebatur.
1097 2497 1146 2552 ne
1166 2473 1313 2554 iterum
1339 2467 1476 2556 labore
1490 2467 1655 2554 immani
1683 2491 1917 2579 cogeremur

659 2584 960 2672 observationes
983 2616 1118 2674 omnes
1138 2590 1180 2670 in
1195 2587 1376 2672 ordinem
1405 2587 1617 2698 redigere,
1649 2607 1768 2695 atque
1786 2587 1918 2669 corri-

656 2731 774 2816 gere.
808 2704 862 2788 Ea
881 2732 979 2789 vero
998 2700 1082 2818 ipsa
1105 2733 1200 2787 cura
1219 2702 1339 2788 amilli
1366 2702 1494 2791 libelli
1511 2701 1657 2789 samam
1684 2698 1765 2784 late
1783 2698 1919 2815 vulga·

655 2843 800 2908 verat,
832 2849 924 2907 cum
943 2851 1026 2935 quo
1047 2816 1342 2906 observationes
1371 2818 1471 2936 ipsas
1489 2822 1637 2906 nostras
1665 2817 1832 2902 inteiilse
1850 2849 1919 2934 pe·

652 2937 759 3024 nitus
778 2997 791 3028 ‚
821 2937 1079 3023 crediderunt
1096 2935 1281 3021 nonnulli
1303 2997 1316 3032 ‚
1343 2942 1389 3024 dc
1407 2938 1485 3024 late
1502 2935 1816 3050 evulgaverunt.

717 3071 827 3167 183.'
871 3057 1020 3140 Verum
1038 3085 1116 3168 ego
1143 3055 1304 3168 quidem
1321 3083 1367 3140 ea
1379 3059 1514 3140 omnia
1534 3114 1545 3147 ‚
1573 3081 1663 3165 quae
1689 3052 1738 3136 ad
1752 3051 1919 3166 gradum

654 3177 894 3286 pertinent,
919 3171 1111 3258 habebam
1126 3171 1344 3284 diligenter
1359 3167 1592 3288 confignata
1606 3175 1652 3256 δε
1667 3171 1715 3254 iis
1731 3167 1913 3282 pagellis,

651 3289 693 3372 in
706 3292 849 3401 quibus
863 3310 949 3373 tum
966 3318 1083 3381 ,cum
1099 3283 1408 3379 observabatur,
1426 3287 1656 3400 conscripta
1673 3285 1829 3371 fuerant
1845 3341 1857 3374 ‚
1871 3289 1915 3372 bt

652 3407 796 3494 ordine
810 3401 881 3489 suo
896 3403 1045 3520 digesta
1056 3403 1202 3490 deinde
1218 3462 1229 3496 ,
1245 3433 1291 3490 ac
1305 3405 1422 3492 alteri
1436 3404 1577 3491 libello
1592 3460 1604 3496 ,
1620 3407 1660 3487 in
1675 3431 1794 3516 quem
1810 3432 1855 3486 ea
1867 3431 1916 3490 ex

651 3523 797 3610 eodem
814 3515 927 3608 sonte
945 3521 1257 3614 deduxeramus,
1289 3519 1454 3637 prorsus
1478 3521 1737 3610 conformia..
1761 3523 1915 3616 Eas-au·

648 3663 733 3744 tem
761 3635 1086 3734 observationes,
1114 3663 1299 3754 quae-tam
1315 3639 1454 3726 multe
1484 3662 1632 3730 erant,
1664 3640 1710 3724 δε
1733 3637 1783 3723 ad
1798 3641 1914 3749 Map·

649 3787 793 3876 parum
823 3761 1116 3846 correctionem
1143 3757 1352 3868 pertinent
1379 3817 1391 3852 ,
1432 3753 1672 3846 servaveram
1698 3752 1912 3867 diligenter

648 3881 697 3960 iis
724 3871 812 3987 ipsrs
839 3875 1005 3990 pagellis
1033 3872 1285 3988 inscriptae,
1314 3879 1457 3988 quibus
1472 3877 1618 4074 primo
1642 3869 1907 3984 consrgnatae,

650 3995 694 4080 δι
712 3991 816 4078 unde
841 3997 883 4076 in
898 4004 988 4078 e'um
1017 3989 1145 4106 ipsum
1171 3990 1353 4078 libellum
1380 4015 1467 4077 tran
1500 4016 1574 4076 atae
1601 3987 1790 4083 fuerant;
1818 4016 1912 4100 qua·

648 4139 842 4202 tumeas,
863 4137 961 4226 quae
980 4108 1031 4195 ad
1044 4104 1250 4224 superiora
1276 4112 1423 4195 itinera
1435 4111 1737 4222 pertinebant,
1765 4111 1908 4193 Rornae

645 4227 917 4339 reliqueram,
948 4255 1153 4317 easvcro.
1184 4253 1271 4339 quae
1298 4233 1554 4342 pertinebant
1585 4227 1635 4312 ad
1659 4228 1737 4314 hoc
1756 4223 1908 4338 postre-

647 4373 756 4431 mum
789 4349 897 4440 iter,
930 4347 1123 4434 habebam
1152 4373 1335 4439 mecurm
1365 4343 1555 4458 plurimas
1583 4345 1777 4429 antem&
1807 4339 1907 4426 Mai·

640 4467 729 4550 ‘rius
750 4467 792 4547 in
813 4455 901 4552 aliia
920 4460 1150 4550 adversariis
1177 4460 1383 4562 servabat;
1414 4461 1721 4575 necquidquam
1747 4454 1827 4546 fere
1848 4458 1905 4540 in·

645 4583 842 4677 tercidit,
871 4603 1016 4700 praeter
1036 4579 1401 4666 observatiunculas
1419 4583 1502 4688 ejus
1517 4583 1672 4692 generis
1684 4575 1903 4664 admodum

642 4727 787 4816 paucas
805 4763 815 4797 ‚
846 4727 1015 4817 quarum
1029 4693 1203 4810 ipsarum
1219 4697 1412 4802 jacluram
1427 4697 1577 4784 ex'aliis
1597 4721 1686 4784 turn
1702 4696 1875 4787 aliorum
1889 4743 1902 4778 ,

646 4841 734 4900 turn
748 4821 789 4902 in
805 4815 1099 4938 primis'nostris
1115 4811 1466 4902 observationibus
1479 4813 1749 4929 supplevimus
1765 4878 1774 4897 .
1810 4813 1900 4894 Hac

640 4957 780 5020 autem
796 4934 1102 5026 omniaidc'irco
1118 4937 1464 5028 commemoravi,
1495 4959 1543 5020 ne
1559 4937 1647 5050 quis
1669 4955 1819 5056 temere
1834 4922 1900 5009 fibi

1819 5071 1904 5159 pera
1953 5141 1956 5148 ,
