4132 5766
644 601 730 693 236
983 577 1542 672 OPUS'CULUUM
1595 579 1600 588 '

644 704 747 791 Solis
763 699 877 788 radio
890 722 1063 815 excepto
1088 729 1160 817 pet
1174 697 1353 788 foramen
1365 702 1586 812 exiguum,
1608 711 1665 782 -ut
1675 698 1799 788 moris
1824 699 1908 802 tsi,

644 826 685 906 in
699 818 903 908 metallica
919 817 1067 902 lamina
1078 841 1314 906 excavatum
1331 872 1343 910 ‚
1375 821 1420 906 dc
1445 813 1761 917 horizontalirer
1774 818 1908 933 appli-

645 949 786 1024 catum
798 940 839 1022 in
854 933 1175 1049 fenestraexigua
1189 935 1238 1020 ad
1254 932 1436 1050 idipsum
1453 935 1495 1016 in
1509 929 1659 1020 summa
1670 955 1787 1051 parte
1799 939 1909 1052 muri

645 1053 753 1141 forte
768 1051 930 1140 fortuna
942 1046 1059 1166 supra
1073 1052 1273 1165 reliquum
1286 1056 1441 1138 tetrum
1465 1046 1694 1160 assurgentis
1717 1051 1768 1137 ad
1785 1054 1907 1138 meri·

645 1171 778 1258 diem.
807 1177 934 1258 Porro
962 1167 1221 1255 meridianam
1233 1166 1381 1254 lineam
1393 1162 1520 1280 ipsam
1545 1165 1756 1282 horologii
1781 1172 1908 1256 etiam

644 1283 1909 1400 constitutioneutcumqueignorata,dummodoejushoraenon

645 1407 703 1490 ita
719 1406 941 1492 enormiter
966 1404 1014 1487 ab
1039 1401 1144 1487 horis
1166 1405 1267 1487 veris
1295 1399 1596 1513 discreparent,
1628 1427 1676 1488 ut
1692 1402 1735 1483 iu
1752 1427 1907 1513 pauco·

643 1553 731 1608 rum
747 1519 1010 1606 secundorum
1031 1516 1198 1604 nuinero
1222 1540 1337 1601 error
1363 1516 1455 1600 inde
1483 1517 1614 1600 timeri
1642 1515 1800 1630 pollet,
1832 1545 1906 1629 per

647 1634 943 1725 observationes
954 1635 1072 1721 unica
1088 1638 1213 1720 etiarn
1229 1632 1296 1718 die
1312 1627 1433 1720 fadias
1458 1627 1510 1715 fic
1532 1631 1591 1716 ibi
1602 1631 1828 1726 duximus,
1857 1655 1905 1720 ut

646 1784 725 1870 ego
738 1753 899 1870 quidem
911 1751 1056 1838 ducere
1069 1747 1194 1838 soleo.
1593 1813 1600 1824 -
1853 1815 1859 1822 -

406 1887 485 1948 una
516 1889 636 1946 nerua-
714 1901 805 1984 13⁰·
852 1868 1190 1956 Antemeridianis
1222 1868 1330 1955 horis
1359 1867 1599 1956 altitudines
1612 1867 1717 1958 dosis
1749 1869 1905 1983 aliquot

404 1967 578 2098 {ssffiss'm
589 1971 847 2104 du'coepimus
860 1989 902 2068 in
914 1983 1028 2076 loco,
1042 1985 1147 2071 haud
1160 1988 1216 2070 ita
1227 1986 1323 2071 iude
1337 2008 1500 2072 remoto
1516 2008 1589 2076 ‚ut
1602 2015 1688 2072 von
1703 2013 1909 2085 numeran-¹

647 2109 698 2192 tis
726 2109 883 2190 minuta
913 2101 1085 2188 secunda
1112 2101 1195 2188 alte
1213 2103 1262 2188 ad
1292 2104 1557 2217 horologium
1578 2104 1760 2191 exaudiri
1792 2130 1906 2204 nou-2

644 2222 795 2340 posset.
829 2223 951 2307 Circa
977 2243 1133 2331 tempus
1159 2220 1349 2306 Meridiei
1371 2242 1590 2332 utcumque
1617 2221 1807 2333 proxime
1836 2245 1908 2304 co·

644 2343 802 2456 gnitum
832 2339 889 2423 ita
902 2335 1189 2423 collocavimus
1216 2340 1258 2420 in
1281 2339 1514 2453 pavimento
1530 2336 1709 2421 chartam
1734 2367 1797 2423 am
1829 2335 1905 2420 lio-

642 2487 759 2546 rem,
791 2455 831 2536 in
848 2484 928 2567 qua
945 2451 1155 2569 defiguatre
1172 2450 1331 2541 fuerant
1356 2453 1489 2569 plures
1515 2458 1633 2538 rediae
1662 2457 1770 2539 inter
1798 2365 1837 2536 l
1855 2452 1906 2539 ad

650 2570 800 2660 sensum
815 2567 1039 2676 parallelae,
1070 2574 1116 2660 dt
1131 2568 1508 2686 aequeaseinvictm
1537 2569 1724 2658 distantes
1746 2596 1823 2664 ‚ut
1839 2601 1903 2656 ea·

650 2720 740 2776 rum
756 2690 885 2777 media
906 2687 1121 2800 respiceret
1137 2686 1252 2775 filum
1267 2687 1434 2803 penduli
1450 2717 1499 2772 ex
1524 2710 1667 2774 oentro
1695 2683 1905 2776 foraminis

649 2805 801 2893 demisli
813 2841 826 2890 ¹.
859 2802 1024 2890 Sublato
1039 2804 1204 2918 penduli
1219 2803 1509 2895 sustentaculo,
1538 2809 1583 2891 dc
1600 2801 1690 2920 ipso
1709 2805 1904 2920 pendulo,

649 2920 944 3013 observavimus
958 2918 1167 3032 appulsum
1183 2921 1328 3008 Solaris
1349 2925 1530 3036 imaginis
1558 2920 1608 3006 ad
1638 2951 1777 3008 omnes
1805 2917 1905 3028 ejus·

649 3040 763 3126 modi
777 3037 897 3124 lineas
910 3061 1058 3122 notato
1074 3058 1254 3152 tempore
1270 3039 1478 3154 horologii
1503 3043 1547 3123 in
1576 3036 1734 3151 fingulis
1760 3038 1915 3154 appol·-

649 3156 747 3243 srbus
764 3221 772 3240 .
799 3157 893 3242 Post
906 3154 1116 3240 meridiem
1131 3159 1357 3259 notavimus
1373 3181 1582 3272 tempora,
1611 3159 1751 3270 quibus
1765 3154 1840 3242 Sol
1857 3157 1907 3242 ad

647 3268 806 3356 easdem
835 3270 1068 3357 altitudines
1092 3268 1298 3360 descendit
1329 3341 1339 3359 .
1370 3275 1551 3360 Medium
1580 3275 1687 3359 inter
1718 3296 1907 3388 tempora

649 3387 911 3472 altitudinum
922 3385 1134 3500 aequalium
1150 3446 1163 3478 ‚
1192 3391 1305 3501 quod
1336 3395 1441 3477 miro
1459 3387 1790 3478 observationum
1807 3419 1902 3476 con·

648 3499 759 3590 sensu
772 3503 878 3588 idem
890 3532 939 3589 ex
955 3502 1134 3617 pluribus
1162 3507 1323 3593 binariis
1337 3535 1419 3592 non
1445 3509 1505 3592 ita
1530 3539 1555 3592 a
1586 3503 1812 3594 seinvicem
1839 3535 1898 3590 re-

393 3677 400 3684 -
532 3683 536 3692 -
646 3619 1010 3735 motisprosiuxit,
1039 3647 1129 3708 nam
1145 3625 1299 3730 majore
1315 3623 1601 3739 quadrante-ad
1617 3621 1901 3738 eamobserra·

648 3739 801 3824 tionem
815 3735 872 3822 usr
889 3734 1044 3840 sumus,
1075 3746 1306 3828 corradum
1336 3741 1395 3825 de·
1413 3771 1558 3834 more,
1585 3747 1641 3827 ob
1666 3740 1904 3830 declinatio·

647 3881 736 3938 nem
760 3854 1121 3940 intereamutatam
1137 3913 1148 3946 ‚
1164 3860 1353 3947 exhibuit
1382 3882 1537 3974 tempus
1560 3860 1798 3975 horologii,
1819 3889 1905 3974 quo

647 3969 832 4054 meridies
850 3972 1050 4082 contigit.
1083 3978 1287 4094 Qroniam
1312 3997 1443 4062 autem
1473 4003 1525 4063 ex
1553 3974 1760 4091 utriusqte
1790 3976 1906 4064 limbi

646 4081 871 4200 appulsrbus
892 4083 941 4169 ad
957 4113 1020 4168 eas
1036 4085 1157 4172 lineas
1172 4094 1408 4179 innotuerat
1432 4095 1772 4180 cirtameridiem
1786 4096 1906 4182 horo·

647 4201 752 4314 logii
765 4200 897 4291 hora,
924 4229 1004 4313 qua
1014 4225 1197 4289 centrum
1216 4209 1264 4291 ad
1288 4207 1457 4321 fingulas
1476 4208 1705 4325 appellebat
1725 4269 1737 4304 ‚
1766 4214 1908 4300 habita

646 4321 727 4424 jam
748 4317 846 4400 hora
874 4315 1085 4412 meridiei,
1112 4318 1227 4407 facile
1251 4329 1462 4418 constitit,
1497 4332 1602 4412 inter
1628 4358 1725 4441 quas
1750 4327 1904 4433 elineir

647 4430 847 4550 parallelis
875 4436 1062 4522 meridies
1087 4440 1343 4555 contigerat,
1368 4473 1537 4556 quarum
1566 4447 1783 4533 intervallo
1815 4451 1900 4538 ibi,

648 4553 719 4684 nbi
746 4546 878 4636 fuerat
895 4554 959 4636 via
982 4557 1115 4638 centri
1143 4561 1326 4670 imaginis
1338 4568 1526 4674 proxime
1548 4559 1742 4657 definita,
1771 4561 1904 4652 diviso

646 4695 690 4750 rn
703 4697 750 4754 ea
763 4671 922 4754 ratione
942 4725 953 4758 ‚
972 4696 1090 4781 quam
1103 4673 1375 4789 exposcebant
1388 4680 1481 4764 bina
1496 4681 1715 4786 intervalla
1742 4709 1902 4799 tempo-

643 4813 734 4872 rum
759 4787 809 4872 ab
821 4782 990 4901 appulsu
1018 4787 1066 4874 ad
1080 4792 1260 4902 priorem
1283 4795 1333 4880 ad
1349 4799 1584 4889 meridiem,
1614 4798 1658 4886 &
1682 4831 1705 4886 a
1730 4803 1899 4907 meridie

1856 4914 1903 5006 ad
