4178 5748
528 572 1081 662 PRIMUM.
1378 603 1434 680 79

174 686 282 774 tdire
307 714 401 773 cum
427 692 674 804 quadrante.
709 686 872 776 Pisauro
900 688 1026 796 igitur
1039 691 1269 776 Ariminum
1299 689 1434 776 versus

173 801 433 897 discessimus,
468 801 589 895 sedin
607 841 657 895 eo
685 801 1071 892 itineredelleximus
1098 807 1281 892 nonnihil
1304 809 1353 892 ad
1369 807 1437 891 lae·

173 948 288 1011 vam,
320 949 369 1008 ut
393 928 551 1012 Montis
577 928 673 1012 Luti
692 921 864 1039 positum
889 917 1170 1014 inviseremus,
1201 954 1320 1038 quem
1346 927 1436 1038 qui-

172 1035 263 1122 dem
279 1041 422 1128 uostris
438 1041 564 1130 usrbus
578 1043 906 1157 deprehendimus
922 1037 1161 1150 aptissimum
1176 1037 1266 1128 saue
1277 1101 1289 1134 ‚
1302 1067 1347 1127 ut
1364 1070 1438 1128 uo·

170 1155 230 1241 bis
258 1151 389 1244 suerat
413 1156 706 1275 fignificatum.
738 1158 835 1242 inde
865 1157 969 1238 enirn
994 1159 1039 1242 dc
1066 1159 1240 1272 Catriae,
1269 1162 1314 1243 δι
1337 1163 1439 1244 Gar·

171 1297 313 1385 pegnae
328 1304 441 1364 mons
459 1277 585 1364 videri
602 1296 777 1390 poterat,
794 1277 838 1358 δι
854 1299 972 1357 omne
987 1271 1234 1362 Ariminense
1248 1275 1364 1360 littus
1376 1278 1437 1358 ci·

171 1393 319 1481 terius,
351 1424 444 1479 cum
471 1391 556 1509 ipsa
582 1398 678 1479 urbe
705 1393 922 1478 Arimino,
954 1415 1042 1500 quae
1061 1393 1154 1479 inde
1191 1419 1237 1492 15
1259 1390 1438 1507 passuum

170 1504 350 1595 millibus
365 1513 471 1599 abest
486 1515 598 1597 resto
617 1514 786 1596 itinere.
815 1507 914 1596 lude
947 1537 1042 1595 vero
1055 1511 1283 1597 Ariminum
1311 1509 1437 1596 delati

168 1615 302 1710 sumus
318 1621 486 1740 septima
504 1630 697 1714 octobris
711 1627 778 1712 dit
796 1693 805 1712 .

237 1763 333 1842 145.
393 1749 501 1828 Dum
529 1745 585 1830 ibi
612 1744 768 1830 litteras
796 1751 1052 1860 expediamus
1081 1739 1270 1844 (recellit
1301 1763 1436 1829 autem
1454 1800 1617 1862 mm
1638 1817 1684 1856 w

170 1855 382 1946 adcaetera
399 1857 620 1948 infortunia
637 1859 822 1948 utillud,
852 1864 964 1974 quod
979 1859 1154 1948 litterae,
1184 1889 1279 1972 quas
1307 1862 1355 1944 ad
1373 1889 1435 1944 me
1453 1888 1497 1938 vra
1526 1882 1558 1974 ⁸⁴¹.
1586 1898 1681 1971 mapa

168 1970 338 2058 dederat
362 1977 589 2064 Cardinalis
607 1975 812 2063 Valentius
840 1981 1065 2062 Ariminum
1094 2006 1184 2062 cum
1213 1977 1436 2068 mandatis>
1453 1963 1688 2105 {fffiffff'ffi‘ffp’pss

167 2115 221 2172 ex
234 2093 380 2200 quibus
391 2095 527 2180 -omnis
540 2094 785 2205 reliquorum
800 2096 990 2180 itinerum
1007 2095 1207 2206 pendebat
1222 2093 1329 2176 ratio
1348 2153 1360 2184 ,
1390 2093 1434 2177 dt
1454 2115 1512 2172 vva
1528 2117 1556 2170 ra
1573 2115 1685 2188 primas·

166 2203 425 2300 litterarum,
456 2208 840 2297 aliodeliiuatarum
871 2212 1094 2300 redditio,
1125 2199 1437 2295 tabellariorum

165 2322 351 2416 incuria,
383 2325 445 2410 vel
475 2323 562 2412 sato
592 2320 861 2438 nescioquo,
891 2324 1207 2416 interciderint,
1234 2353 1436 2441 nunquam

165 2441 277 2522 enim
295 2439 439 2526 deinde
469 2437 559 2526 sciri
585 2443 753 2552 potuit,
783 2444 879 2555 quid
893 2445 941 2529 iis
969 2439 1231 2542 accidisset),
1260 2445 1305 2526 &
1321 2461 1436 2526 oram

163 2559 410 2644 maritimam
438 2557 516 2646 basr
543 2557 799 2644 dimetiendas
830 2587 966 2674 aptam
1003 2560 1221 2645 invenimus
1249 2562 1437 2644 Arimino

163 2668 372 2758 Pisaurum
402 2670 561 2765 versus,
592 2676 853 2762 &adivimus
881 2681 1014 2765 Sant⁰ti
1030 2678 1181 2761 Marini
1207 2675 1433 2788 oppidum.

163 2790 276 2898 quod
293 2791 483 2902 exiguum
508 2791 701 2906 quidem,
730 2785 798 2876 sed
822 2792 1039 2880 libertate,
1070 2819 1188 2903 quam
1206 2791 1334 2876 adhuc
1359 2787 1438 2874 ser·

162 2928 232 2988 vat
244 2905 338 3020 posi
352 2905 468 3015 plura
487 2907 648 2994 illaesam
663 2903 825 3000 saecula,
842 2908 1145 2997 celeberrimum
1163 2967 1174 3000 ,
1189 2907 1437 3021 quiquidem
1566 2945 1569 2952 ·

162 3015 281 3106 locus
301 3025 342 3104 in
358 3046 489 3111 ternas
506 3022 721 3110 admodum
736 3024 868 3112 editas
883 3029 1035 3112 montis
1061 3021 1241 3137 cuspides
1260 3025 1436 3108 turribus
1468 3105 1470 3110 ,

162 3142 343 3222 munitas
369 3139 570 3230 desinens,
604 3139 825 3249 longissime
851 3141 943 3226 hinc
958 3144 1151 3225 Picenum
1181 3135 1310 3249 ipsum
1338 3165 1437 3250 pro-

159 3250 319 3363 spicit,
349 3250 443 3335 inde
456 3256 676 3366 postremos
690 3255 873 3340 Ditionis
888 3253 1112 3343 Pontificiae
1128 3250 1222 3338 sines
1240 3254 1346 3339 ultra
1357 3257 1437 3340 Co-

159 3365 370 3454 maclum.
403 3371 478 3454 Sed
496 3365 714 3457 nebuloso,
745 3371 942 3486 &pluvio
957 3371 1084 3462 caclo,
1117 3399 1197 3458 nou
1212 3368 1280 3458 uis
1293 3373 1434 3486 proxi-

161 3515 227 3570 ma
248 3505 335 3570 tum
352 3487 514 3597 quidem
529 3485 620 3572 loca
632 3487 725 3574 iude
741 3487 1115 3576 determinavimus.

228 3613 321 3712 146.
384 3607 650 3691 Praeterea&
680 3603 919 3718 aptissimum
940 3603 1286 3694 observationibus
1313 3597 1434 3692 alsro-
1468 3637 1681 3694 memsam·

166 3719 345 3804 nomicis
370 3717 510 3806 locum
539 3721 759 3807 invenimus
789 3724 828 3803 in
855 3723 1005 3810 aedibus
1030 3725 1206 3808 Comitis
1239 3719 1433 3808 Francisci
1452 3717 1682 3849 ‘¹⁰⁰lbss23ffl

165 3837 377 3950 Garampii
394 3834 650 3922 Ariminensrs
666 3840 831 3924 Patritii
846 3895 857 3929 ‚
872 3842 984 3944 cujus
998 3842 1074 3926 viri
1089 3843 1292 3926 innumera
1306 3842 1349 3923 in
1360 3867 1432 3924 nos
1454 3813 1607 3926 similias
1628 3877 1681 3924 na-

167 3945 325 4036 collata
338 3949 560 4048 beneficia,
577 3957 723 4067 quibus
736 3953 828 4040 satis
844 3985 1044 4070 exponam
1072 3958 1229 4050 verbis,
1256 3959 1429 4072 ignoro.
1452 3953 1611 4083 ζζζῖξᾞζ
1624 3955 1681 4080 fi:

165 4064 202 4148 Is
230 4068 394 4179 quidem
414 4073 582 4182 aprima
594 4069 863 4157 adolescentia
876 4075 1140 4160 Astronomiae
1154 4069 1431 4161 amantiffimus
1450 4047 1551 4160 ret-⁹⁰

167 4183 318 4272 Cultor
335 4191 480 4276 extitit
501 4190 559 4273 ita
574 4247 584 4281 ,
600 4213 647 4273 ut
661 4189 885 4274 Eustachius
898 4187 1167 4281 Mansredius‚
1189 4194 1251 4276 vir
1267 4216 1428 4281 tantus,

170 4325 396 4414 eumquem
414 4304 638 4392 auditorem
652 4305 791 4391 habuit
806 4309 1062 4396 Bononitmut
1077 4305 1189 4395 suum
1202 4309 1429 4416 adjutorem

172 4439 487 4510 commemoret.
520 4427 625 4508 Cum
652 4423 745 4506 inde
763 4425 935 4508 Romam
951 4423 1194 4520 advenisset,
1224 4426 1320 4510 mihi
1336 4449 1431 4509 aeta·

167 4546 209 4610 te
227 4526 397 4645 suppar,
426 4569 581 4624 metum
595 4541 676 4646 jam
699 4541 749 4624 ab
767 4567 869 4626 anno
888 4553 992 4652 1736
1007 4545 1196 4630 Mercurii
1224 4537 1430 4628 transtrum

167 4641 349 4736 subSole
373 4655 601 4743 observavit
632 4655 967 4742 inhoc-Romano
984 4658 1203 4772 Collegio‚
1228 4688 1312 4772 quo
1339 4656 1430 4766 qui·
1488 4674 1491 4682 '

162 4765 257 4850 dem
279 4791 490 4888 tempore,
522 4779 565 4860 dc
586 4772 800 4869 armissimo
815 4779 1004 4861 amicitias
1028 4773 1192 4864 vinculo
1221 4772 1429 4884 conjuncti

1356 4883 1432 4974 sui·
1485 4914 1494 4931 ·
