<?xml version="1.0" encoding="UTF-8"?>
<!DOCTYPE html PUBLIC "-//W3C//DTD XHTML 1.0 Transitional//EN"
    "http://www.w3.org/TR/xhtml1/DTD/xhtml1-transitional.dtd">
<html xmlns="http://www.w3.org/1999/xhtml" xml:lang="en" lang="en">
 <head>
  <title>
</title>
<meta http-equiv="Content-Type" content="text/html;charset=utf-8" />
  <meta name='ocr-system' content='tesseract 3.04.00' />
  <meta name='ocr-capabilities' content='ocr_page ocr_carea ocr_par ocr_line ocrx_word'/>
</head>
<body>
  <div class='ocr_page' id='page_1' title='image "./delitterariaexp00boscgoog_0169.png"; bbox 0 0 4178 5748; ppageno 0'>
   <div class='ocr_carea' id='block_1_1' title="bbox 659 509 1561 613">
    <p class='ocr_par' dir='ltr' id='par_1_1' title="bbox 659 509 1561 613">
     <span class='ocr_line' id='line_1_1' title="bbox 659 509 1561 613; baseline -0.001 -13"><span class='ocrx_word' id='word_1_1' title='bbox 659 536 738 613; x_wconf 85' lang='lat'>142</span> <span class='ocrx_word' id='word_1_2' title='bbox 999 509 1561 599; x_wconf 83' lang='lat' dir='ltr'>OPUSCULUM</span> 
     </span>
    </p>
   </div>
   <div class='ocr_carea' id='block_1_2' title="bbox 404 623 1938 3682">
    <p class='ocr_par' dir='ltr' id='par_1_2' title="bbox 407 623 1938 860">
     <span class='ocr_line' id='line_1_2' title="bbox 407 623 1912 744; baseline -0.003 -22"><span class='ocrx_word' id='word_1_3' title='bbox 407 661 637 726; x_wconf 63' lang='lat' dir='ltr'>cneorum.</span> <span class='ocrx_word' id='word_1_4' title='bbox 711 658 768 719; x_wconf 88' lang='lat'>22</span> <span class='ocrx_word' id='word_1_5' title='bbox 799 631 902 714; x_wconf 88' lang='lat' dir='ltr'>Cum</span> <span class='ocrx_word' id='word_1_6' title='bbox 917 625 1044 742; x_wconf 84' lang='lat' dir='ltr'>igitur</span> <span class='ocrx_word' id='word_1_7' title='bbox 1059 655 1132 741; x_wconf 87' lang='lat' dir='ltr'>per</span> <span class='ocrx_word' id='word_1_8' title='bbox 1157 628 1260 712; x_wconf 83' lang='lat' dir='ltr'>hanc</span> <span class='ocrx_word' id='word_1_9' title='bbox 1289 624 1431 714; x_wconf 88' lang='lat' dir='ltr'>seriem</span> <span class='ocrx_word' id='word_1_10' title='bbox 1443 626 1754 744; x_wconf 84' lang='lat' dir='ltr'>Triangulotum</span> <span class='ocrx_word' id='word_1_11' title='bbox 1782 623 1912 718; x_wconf 75' lang='lat' dir='ltr'>abas</span> 
     </span>
     <span class='ocr_line' id='line_1_3' title="bbox 651 739 1938 860; baseline -0.005 -25"><span class='ocrx_word' id='word_1_12' title='bbox 651 739 887 840; x_wconf 77' lang='lat' dir='ltr'>Ariminensi</span> <span class='ocrx_word' id='word_1_13' title='bbox 900 741 1079 860; x_wconf 83' lang='lat' dir='ltr'>passuum</span> <span class='ocrx_word' id='word_1_14' title='bbox 1096 769 1252 852; x_wconf 80' lang='lat'>7901.‚</span> <span class='ocrx_word' id='word_1_15' title='bbox 1291 769 1354 846; x_wconf 82' lang='lat'>14.</span> <span class='ocrx_word' id='word_1_16' title='bbox 1375 744 1601 833; x_wconf 77' lang='lat' dir='ltr'>inchoatam</span> <span class='ocrx_word' id='word_1_17' title='bbox 1620 747 1840 831; x_wconf 82' lang='lat' dir='ltr'>incidamus</span> <span class='ocrx_word' id='word_1_18' title='bbox 1869 752 1913 842; x_wconf 83' lang='lat' dir='ltr'>io</span> <span class='ocrx_word' id='word_1_19' title='bbox 1933 809 1938 828; x_wconf 74' lang='grc'>,</span> 
     </span>
    </p>

    <p class='ocr_par' dir='ltr' id='par_1_3' title="bbox 655 858 1912 980">
     <span class='ocr_line' id='line_1_4' title="bbox 655 858 1912 980; baseline -0.001 -26"><span class='ocrx_word' id='word_1_20' title='bbox 655 870 697 956; x_wconf 84' lang='lat' dir='ltr'>bc</span> <span class='ocrx_word' id='word_1_21' title='bbox 711 893 793 956; x_wconf 87' lang='lat' dir='ltr'>uno</span> <span class='ocrx_word' id='word_1_22' title='bbox 804 864 972 950; x_wconf 84' lang='lat' dir='ltr'>circiter</span> <span class='ocrx_word' id='word_1_23' title='bbox 983 858 1090 976; x_wconf 74' lang='lat' dir='ltr'>passu</span> <span class='ocrx_word' id='word_1_24' title='bbox 1104 888 1201 954; x_wconf 84' lang='lat' dir='ltr'>vero</span> <span class='ocrx_word' id='word_1_25' title='bbox 1217 861 1432 954; x_wconf 81' lang='lat' dir='ltr'>minorem,</span> <span class='ocrx_word' id='word_1_26' title='bbox 1449 891 1621 980; x_wconf 86' lang='lat' dir='ltr'>cumque</span> <span class='ocrx_word' id='word_1_27' title='bbox 1634 863 1718 950; x_wconf 87' lang='lat' dir='ltr'>haec</span> <span class='ocrx_word' id='word_1_28' title='bbox 1733 861 1836 952; x_wconf 68' lang='lat' dir='ltr'>naus</span> <span class='ocrx_word' id='word_1_29' title='bbox 1850 889 1912 953; x_wconf 89' lang='lat' dir='ltr'>to·</span> 
     </span>
    </p>

    <p class='ocr_par' dir='ltr' id='par_1_4' title="bbox 656 975 1911 1096">
     <span class='ocr_line' id='line_1_5' title="bbox 656 975 1911 1096; baseline -0.006 -20"><span class='ocrx_word' id='word_1_30' title='bbox 656 990 735 1076; x_wconf 83' lang='lat' dir='ltr'>tius</span> <span class='ocrx_word' id='word_1_31' title='bbox 751 979 965 1070; x_wconf 85' lang='lat' dir='ltr'>Moridiani</span> <span class='ocrx_word' id='word_1_32' title='bbox 977 980 1100 1068; x_wconf 84' lang='lat' dir='ltr'>nostri</span> <span class='ocrx_word' id='word_1_33' title='bbox 1115 978 1400 1094; x_wconf 77' lang='lat' dir='ltr'>Longitudinis</span> <span class='ocrx_word' id='word_1_34' title='bbox 1416 1011 1506 1096; x_wconf 85' lang='lat' dir='ltr'>pars</span> <span class='ocrx_word' id='word_1_35' title='bbox 1531 975 1718 1096; x_wconf 86' lang='lat' dir='ltr'>vigesima</span> <span class='ocrx_word' id='word_1_36' title='bbox 1746 979 1823 1075; x_wconf 87' lang='lat' dir='ltr'>srt,</span> <span class='ocrx_word' id='word_1_37' title='bbox 1855 981 1911 1069; x_wconf 86' lang='lat' dir='ltr'>se·</span> 
     </span>
    </p>

    <p class='ocr_par' dir='ltr' id='par_1_5' title="bbox 655 1093 1910 1224">
     <span class='ocr_line' id='line_1_6' title="bbox 655 1093 1910 1224; baseline -0.012 -27"><span class='ocrx_word' id='word_1_38' title='bbox 655 1107 794 1224; x_wconf 88' lang='lat' dir='ltr'>quitur</span> <span class='ocrx_word' id='word_1_39' title='bbox 809 1160 820 1196; x_wconf 82' lang='grc'><strong><em>,</em></strong></span> <span class='ocrx_word' id='word_1_40' title='bbox 836 1095 1118 1216; x_wconf 82' lang='lat' dir='ltr'>assumptapr&#39;o</span> <span class='ocrx_word' id='word_1_41' title='bbox 1134 1093 1395 1198; x_wconf 73' lang='lat' dir='ltr'>firndamento</span> <span class='ocrx_word' id='word_1_42' title='bbox 1420 1097 1586 1186; x_wconf 81' lang='lat' dir='ltr'>hucBafi</span> <span class='ocrx_word' id='word_1_43' title='bbox 1602 1155 1614 1192; x_wconf 90' lang='lat'>,</span> <span class='ocrx_word' id='word_1_44' title='bbox 1630 1098 1910 1198; x_wconf 76' lang='lat' dir='ltr'>inveniendum</span> 
     </span>
    </p>

    <p class='ocr_par' dir='ltr' id='par_1_6' title="bbox 604 1213 1910 1458">
     <span class='ocr_line' id='line_1_7' title="bbox 604 1213 1908 1332; baseline 0.002 -24"><span class='ocrx_word' id='word_1_45' title='bbox 604 1321 606 1328; x_wconf 18' lang='lat'><strong>¹</strong></span> <span class='ocrx_word' id='word_1_46' title='bbox 654 1222 763 1316; x_wconf 71' lang='lat' dir='ltr'>firiss&#39;e</span> <span class='ocrx_word' id='word_1_47' title='bbox 778 1240 910 1307; x_wconf 87' lang='lat' dir='ltr'>totam</span> <span class='ocrx_word' id='word_1_48' title='bbox 922 1213 1137 1305; x_wconf 78' lang='lat' dir='ltr'>Meridiani</span> <span class='ocrx_word' id='word_1_49' title='bbox 1152 1213 1452 1329; x_wconf 86' lang='lat' dir='ltr'>longitudinem</span> <span class='ocrx_word' id='word_1_50' title='bbox 1465 1217 1615 1332; x_wconf 83' lang='lat' dir='ltr'>viginti</span> <span class='ocrx_word' id='word_1_51' title='bbox 1630 1219 1682 1304; x_wconf 85' lang='lat' dir='ltr'>ad</span> <span class='ocrx_word' id='word_1_52' title='bbox 1699 1221 1908 1310; x_wconf 76' lang='lat' dir='ltr'>minimum</span> 
     </span>
     <span class='ocr_line' id='line_1_8' title="bbox 653 1331 1910 1458; baseline -0.003 -32"><span class='ocrx_word' id='word_1_53' title='bbox 653 1333 1283 1458; x_wconf 68' lang='lat' dir='ltr'>paffiburproduciioremmode</span> <span class='ocrx_word' id='word_1_54' title='bbox 1296 1335 1422 1422; x_wconf 81' lang='lat' dir='ltr'>etiam</span> <span class='ocrx_word' id='word_1_55' title='bbox 1433 1331 1632 1448; x_wconf 84' lang='lat' dir='ltr'>assumpto</span> <span class='ocrx_word' id='word_1_56' title='bbox 1647 1334 1910 1422; x_wconf 86' lang='lat' dir='ltr'>interutrarn·</span> 
     </span>
    </p>

    <p class='ocr_par' dir='ltr' id='par_1_7' title="bbox 652 1449 1911 1692">
     <span class='ocr_line' id='line_1_9' title="bbox 652 1449 1909 1580; baseline -0.004 -39"><span class='ocrx_word' id='word_1_57' title='bbox 652 1489 732 1576; x_wconf 80' lang='lat' dir='ltr'>que</span> <span class='ocrx_word' id='word_1_58' title='bbox 745 1451 1095 1580; x_wconf 79' lang='lat' dir='ltr'>computationem</span> <span class='ocrx_word' id='word_1_59' title='bbox 1109 1449 1275 1540; x_wconf 69' lang='lat' dir='ltr'>medio»</span> <span class='ocrx_word' id='word_1_60' title='bbox 1307 1449 1450 1538; x_wconf 89' lang='lat' dir='ltr'>licebit</span> <span class='ocrx_word' id='word_1_61' title='bbox 1465 1477 1552 1538; x_wconf 85' lang='lat' dir='ltr'>earn</span> <span class='ocrx_word' id='word_1_62' title='bbox 1568 1479 1714 1568; x_wconf 81' lang='lat' dir='ltr'>,quatu</span> <span class='ocrx_word' id='word_1_63' title='bbox 1725 1477 1824 1540; x_wconf 86' lang='lat' dir='ltr'>mox</span> <span class='ocrx_word' id='word_1_64' title='bbox 1847 1479 1909 1536; x_wconf 84' lang='lat' dir='ltr'>re·</span> 
     </span>
     <span class='ocr_line' id='line_1_10' title="bbox 652 1566 1911 1692; baseline -0.007 -32"><span class='ocrx_word' id='word_1_65' title='bbox 652 1577 881 1692; x_wconf 76' lang='lat' dir='ltr'>perierunt,</span> <span class='ocrx_word' id='word_1_66' title='bbox 907 1567 1048 1656; x_wconf 82' lang='lat' dir='ltr'>decem</span> <span class='ocrx_word' id='word_1_67' title='bbox 1078 1566 1246 1683; x_wconf 77' lang='lat' dir='ltr'>passibus</span> <span class='ocrx_word' id='word_1_68' title='bbox 1286 1595 1474 1683; x_wconf 84' lang='lat' dir='ltr'>augere,</span> <span class='ocrx_word' id='word_1_69' title='bbox 1516 1569 1629 1678; x_wconf 87' lang='lat' dir='ltr'>cujus</span> <span class='ocrx_word' id='word_1_70' title='bbox 1672 1567 1755 1656; x_wconf 84' lang='lat' dir='ltr'>sere</span> <span class='ocrx_word' id='word_1_71' title='bbox 1791 1567 1911 1654; x_wconf 85' lang='lat' dir='ltr'>dimi·</span> 
     </span>
    </p>

    <p class='ocr_par' dir='ltr' id='par_1_8' title="bbox 653 1681 1909 1798">
     <span class='ocr_line' id='line_1_11' title="bbox 653 1681 1909 1798; baseline -0.006 -20"><span class='ocrx_word' id='word_1_72' title='bbox 653 1695 794 1784; x_wconf 87' lang='lat' dir='ltr'>dium,</span> <span class='ocrx_word' id='word_1_73' title='bbox 822 1695 849 1772; x_wconf 82' lang='lat' dir='ltr'>i.</span> <span class='ocrx_word' id='word_1_74' title='bbox 867 1718 897 1773; x_wconf 86' lang='lat' dir='ltr'>e.</span> <span class='ocrx_word' id='word_1_75' title='bbox 914 1681 1040 1798; x_wconf 83' lang='lat' dir='ltr'>passus</span> <span class='ocrx_word' id='word_1_76' title='bbox 1052 1689 1228 1798; x_wconf 87' lang='lat' dir='ltr'>quinque</span> <span class='ocrx_word' id='word_1_77' title='bbox 1239 1683 1535 1771; x_wconf 86' lang='lat' dir='ltr'>circitercedet</span> <span class='ocrx_word' id='word_1_78' title='bbox 1549 1686 1589 1775; x_wconf 85' lang='lat' dir='ltr'>in</span> <span class='ocrx_word' id='word_1_79' title='bbox 1614 1687 1909 1776; x_wconf 87' lang='lat' dir='ltr'>incrementum</span> 
     </span>
    </p>

    <p class='ocr_par' dir='ltr' id='par_1_9' title="bbox 653 1795 1911 1928">
     <span class='ocr_line' id='line_1_12' title="bbox 653 1795 1911 1928; baseline -0.006 -35"><span class='ocrx_word' id='word_1_80' title='bbox 653 1809 797 1926; x_wconf 84' lang='lat' dir='ltr'>gradus</span> <span class='ocrx_word' id='word_1_81' title='bbox 839 1804 983 1904; x_wconf 71' lang='lat' dir='ltr'>unius,</span> <span class='ocrx_word' id='word_1_82' title='bbox 1015 1829 1066 1899; x_wconf 75' lang='lat' dir='ltr'>ex</span> <span class='ocrx_word' id='word_1_83' title='bbox 1091 1795 1299 1928; x_wconf 74' lang='lat' dir='ltr'>utriusque</span> <span class='ocrx_word' id='word_1_84' title='bbox 1341 1797 1483 1900; x_wconf 72' lang='lat' dir='ltr'>Baseoa</span> <span class='ocrx_word' id='word_1_85' title='bbox 1522 1799 1748 1900; x_wconf 76' lang='lat' dir='ltr'>collatione</span> <span class='ocrx_word' id='word_1_86' title='bbox 1779 1801 1911 1891; x_wconf 84' lang='lat' dir='ltr'>detet-</span> 
     </span>
    </p>

    <p class='ocr_par' dir='ltr' id='par_1_10' title="bbox 456 1923 852 2022">
     <span class='ocr_line' id='line_1_13' title="bbox 456 1923 852 2022; baseline -0.008 1"><span class='ocrx_word' id='word_1_87' title='bbox 456 1923 474 1973; x_wconf 66' lang='lat'><em>³</em></span> <span class='ocrx_word' id='word_1_88' title='bbox 648 1923 852 2022; x_wconf 78' lang='lat' dir='ltr'>minandi.</span> 
     </span>
    </p>

    <p class='ocr_par' dir='ltr' id='par_1_11' title="bbox 406 2031 1910 2388">
     <span class='ocr_line' id='line_1_14' title="bbox 446 2031 1910 2155; baseline -0.004 -24"><span class='ocrx_word' id='word_1_89' title='bbox 446 2089 643 2148; x_wconf 53' lang='lat' dir='ltr'>mmm,</span> <span class='ocrx_word' id='word_1_90' title='bbox 676 2085 686 2109; x_wconf 88' lang='lat'>.</span> <span class='ocrx_word' id='word_1_91' title='bbox 711 2071 766 2155; x_wconf 88' lang='lat'>23</span> <span class='ocrx_word' id='word_1_92' title='bbox 798 2041 931 2128; x_wconf 87' lang='lat' dir='ltr'>Porro</span> <span class='ocrx_word' id='word_1_93' title='bbox 948 2035 998 2122; x_wconf 82' lang='lat' dir='ltr'>ad</span> <span class='ocrx_word' id='word_1_94' title='bbox 1015 2031 1138 2122; x_wconf 82' lang='lat' dir='ltr'>Baflm</span> <span class='ocrx_word' id='word_1_95' title='bbox 1154 2063 1335 2128; x_wconf 77' lang='lat' dir='ltr'>unomen</span> <span class='ocrx_word' id='word_1_96' title='bbox 1353 2037 1482 2132; x_wconf 80' lang='lat' dir='ltr'>altera</span> <span class='ocrx_word' id='word_1_97' title='bbox 1514 2035 1792 2132; x_wconf 80' lang='lat' dir='ltr'>inveniendam</span> <span class='ocrx_word' id='word_1_98' title='bbox 1821 2034 1910 2154; x_wconf 84' lang='lat' dir='ltr'>plu·</span> 
     </span>
     <span class='ocr_line' id='line_1_15' title="bbox 407 2152 1908 2274; baseline -0.001 -32"><span class='ocrx_word' id='word_1_99' title='bbox 407 2169 476 2242; x_wconf 68' lang='lat'><strong>9¹¹⁸·</strong></span> <span class='ocrx_word' id='word_1_100' title='bbox 504 2171 581 2226; x_wconf 57' lang='lat'>”⁰⁴⁰</span> <span class='ocrx_word' id='word_1_101' title='bbox 604 2173 643 2234; x_wconf 70' lang='lat' dir='ltr'>it·</span> <span class='ocrx_word' id='word_1_102' title='bbox 653 2161 761 2248; x_wconf 88' lang='lat' dir='ltr'>ribus</span> <span class='ocrx_word' id='word_1_103' title='bbox 776 2187 879 2274; x_wconf 84' lang='lat' dir='ltr'>opus</span> <span class='ocrx_word' id='word_1_104' title='bbox 895 2181 978 2244; x_wconf 91' lang='lat' dir='ltr'>non</span> <span class='ocrx_word' id='word_1_105' title='bbox 990 2155 1074 2244; x_wconf 80' lang='lat' dir='ltr'>est,</span> <span class='ocrx_word' id='word_1_106' title='bbox 1089 2182 1208 2268; x_wconf 86' lang='lat' dir='ltr'>quarn</span> <span class='ocrx_word' id='word_1_107' title='bbox 1221 2183 1310 2268; x_wconf 88' lang='lat' dir='ltr'>quae</span> <span class='ocrx_word' id='word_1_108' title='bbox 1324 2157 1366 2238; x_wconf 89' lang='lat' dir='ltr'>in</span> <span class='ocrx_word' id='word_1_109' title='bbox 1378 2160 1678 2272; x_wconf 81' lang='lat' dir='ltr'>Diagrammatt</span> <span class='ocrx_word' id='word_1_110' title='bbox 1692 2152 1908 2272; x_wconf 83' lang='lat' dir='ltr'>posuimus.</span> 
     </span>
     <span class='ocr_line' id='line_1_16' title="bbox 406 2247 1908 2388; baseline -0.007 -23"><span class='ocrx_word' id='word_1_111' title='bbox 406 2247 577 2320; x_wconf 53' lang='lat' dir='ltr'><strong>&#39;‘m‘&#39;</strong></span> <span class='ocrx_word' id='word_1_112' title='bbox 651 2276 919 2369; x_wconf 87' lang='lat' dir='ltr'>Sufficitenirn</span> <span class='ocrx_word' id='word_1_113' title='bbox 930 2296 1075 2368; x_wconf 86' lang='lat' dir='ltr'>notum</span> <span class='ocrx_word' id='word_1_114' title='bbox 1085 2273 1227 2358; x_wconf 86' lang='lat' dir='ltr'>habere</span> <span class='ocrx_word' id='word_1_115' title='bbox 1239 2299 1364 2358; x_wconf 87' lang='lat' dir='ltr'>unum</span> <span class='ocrx_word' id='word_1_116' title='bbox 1375 2269 1479 2368; x_wconf 84' lang='lat' dir='ltr'>latus</span> <span class='ocrx_word' id='word_1_117' title='bbox 1493 2269 1683 2388; x_wconf 82' lang='lat' dir='ltr'>cujusque</span> <span class='ocrx_word' id='word_1_118' title='bbox 1696 2271 1908 2388; x_wconf 78' lang='lat' dir='ltr'>trianguli,</span> 
     </span>
    </p>

    <p class='ocr_par' dir='ltr' id='par_1_12' title="bbox 404 2384 1909 3682">
     <span class='ocr_line' id='line_1_17' title="bbox 650 2384 1908 2504; baseline -0.008 -24"><span class='ocrx_word' id='word_1_119' title='bbox 650 2418 698 2480; x_wconf 89' lang='lat' dir='ltr'>ut</span> <span class='ocrx_word' id='word_1_120' title='bbox 727 2388 962 2504; x_wconf 83' lang='lat' dir='ltr'>adsequens</span> <span class='ocrx_word' id='word_1_121' title='bbox 990 2384 1421 2504; x_wconf 67' lang='lat' dir='ltr'>triangulurnigrodum</span> <span class='ocrx_word' id='word_1_122' title='bbox 1451 2389 1583 2484; x_wconf 78' lang='lat' dir='ltr'>facere</span> <span class='ocrx_word' id='word_1_123' title='bbox 1617 2389 1837 2503; x_wconf 65' lang='lat' dir='ltr'>possmus,</span> <span class='ocrx_word' id='word_1_124' title='bbox 1862 2415 1908 2474; x_wconf 81' lang='lat' dir='ltr'>oc</span> 
     </span>
     <span class='ocr_line' id='line_1_18' title="bbox 646 2503 1909 2638; baseline -0.001 -46"><span class='ocrx_word' id='word_1_125' title='bbox 646 2505 864 2638; x_wconf 82' lang='lat' dir='ltr'>quodlibet</span> <span class='ocrx_word' id='word_1_126' title='bbox 877 2509 961 2616; x_wconf 81' lang='lat' dir='ltr'>ejus</span> <span class='ocrx_word' id='word_1_127' title='bbox 974 2505 1079 2600; x_wconf 83' lang='lat' dir='ltr'>latus</span> <span class='ocrx_word' id='word_1_128' title='bbox 1100 2507 1359 2621; x_wconf 87' lang='lat' dir='ltr'>investigare.</span> <span class='ocrx_word' id='word_1_129' title='bbox 1392 2503 1909 2630; x_wconf 78' lang='lat' dir='ltr'>itaquehoccoruurodiffi·</span> 
     </span>
     <span class='ocr_line' id='line_1_19' title="bbox 647 2619 1907 2738; baseline -0.004 -24"><span class='ocrx_word' id='word_1_130' title='bbox 647 2657 711 2714; x_wconf 86' lang='lat' dir='ltr'>mc</span> <span class='ocrx_word' id='word_1_131' title='bbox 730 2624 892 2722; x_wconf 78' lang='lat' dir='ltr'>facimus</span> <span class='ocrx_word' id='word_1_132' title='bbox 908 2621 1108 2738; x_wconf 86' lang='lat' dir='ltr'>triangula</span> <span class='ocrx_word' id='word_1_133' title='bbox 1120 2627 1181 2705; x_wconf 93' lang='lat' dir='ltr'>uti</span> <span class='ocrx_word' id='word_1_134' title='bbox 1196 2625 1366 2728; x_wconf 77' lang='lat' dir='ltr'>jacent,</span> <span class='ocrx_word' id='word_1_135' title='bbox 1393 2622 1661 2718; x_wconf 72' lang='lat' dir='ltr'>resolvendo,</span> <span class='ocrx_word' id='word_1_136' title='bbox 1690 2653 1820 2738; x_wconf 80' lang='lat' dir='ltr'>nequo</span> <span class='ocrx_word' id='word_1_137' title='bbox 1833 2619 1907 2710; x_wconf 76' lang='lat' dir='ltr'>Al·</span> 
     </span>
     <span class='ocr_line' id='line_1_20' title="bbox 639 2739 1904 2853; baseline -0.002 -24"><span class='ocrx_word' id='word_1_138' title='bbox 639 2745 841 2837; x_wconf 84' lang='lat' dir='ltr'>titudines</span> <span class='ocrx_word' id='word_1_139' title='bbox 856 2743 1059 2836; x_wconf 84' lang='lat' dir='ltr'>montium</span> <span class='ocrx_word' id='word_1_140' title='bbox 1073 2742 1114 2822; x_wconf 91' lang='lat' dir='ltr'>io</span> <span class='ocrx_word' id='word_1_141' title='bbox 1130 2739 1292 2853; x_wconf 74' lang='lat' dir='ltr'>planum</span> <span class='ocrx_word' id='word_1_142' title='bbox 1305 2741 1538 2836; x_wconf 69' lang='lat' dir='ltr'>reducendo</span> <span class='ocrx_word' id='word_1_143' title='bbox 1554 2807 1562 2823; x_wconf 94' lang='lat'>.</span> <span class='ocrx_word' id='word_1_144' title='bbox 1591 2745 1758 2828; x_wconf 61' lang='lat' dir='ltr'>Peracia</span> <span class='ocrx_word' id='word_1_145' title='bbox 1773 2765 1904 2828; x_wconf 86' lang='lat' dir='ltr'>autern</span> 
     </span>
     <span class='ocr_line' id='line_1_21' title="bbox 652 2856 1907 2974; baseline -0.005 -28"><span class='ocrx_word' id='word_1_146' title='bbox 652 2862 727 2946; x_wconf 88' lang='lat' dir='ltr'>hac</span> <span class='ocrx_word' id='word_1_147' title='bbox 745 2861 1014 2974; x_wconf 77' lang='lat' dir='ltr'>operatione,</span> <span class='ocrx_word' id='word_1_148' title='bbox 1042 2857 1123 2964; x_wconf 79' lang='lat' dir='ltr'>jaro</span> <span class='ocrx_word' id='word_1_149' title='bbox 1138 2857 1323 2955; x_wconf 75' lang='lat' dir='ltr'>reductio</span> <span class='ocrx_word' id='word_1_150' title='bbox 1350 2856 1421 2944; x_wconf 85' lang='lat' dir='ltr'>isla</span> <span class='ocrx_word' id='word_1_151' title='bbox 1445 2859 1783 2956; x_wconf 81' lang='lat' dir='ltr'>socumhabebit‚</span> <span class='ocrx_word' id='word_1_152' title='bbox 1819 2883 1907 2944; x_wconf 91' lang='lat' dir='ltr'>tum</span> 
     </span>
     <span class='ocr_line' id='line_1_22' title="bbox 652 2966 1908 3091; baseline -0.005 -27"><span class='ocrx_word' id='word_1_153' title='bbox 652 3001 700 3072; x_wconf 85' lang='lat' dir='ltr'>ut</span> <span class='ocrx_word' id='word_1_154' title='bbox 725 2971 913 3091; x_wconf 87' lang='lat' dir='ltr'>cujusque</span> <span class='ocrx_word' id='word_1_155' title='bbox 939 2974 1136 3070; x_wconf 76' lang='lat' dir='ltr'>distantiae</span> <span class='ocrx_word' id='word_1_156' title='bbox 1161 2966 1342 3069; x_wconf 83' lang='lat' dir='ltr'>mensura</span> <span class='ocrx_word' id='word_1_157' title='bbox 1371 2975 1540 3088; x_wconf 81' lang='lat' dir='ltr'>perinde</span> <span class='ocrx_word' id='word_1_158' title='bbox 1567 2999 1734 3072; x_wconf 87' lang='lat' dir='ltr'>eruatur</span> <span class='ocrx_word' id='word_1_159' title='bbox 1761 3035 1774 3070; x_wconf 89' lang='lat'><strong>,</strong></span> <span class='ocrx_word' id='word_1_160' title='bbox 1807 2973 1908 3059; x_wconf 83' lang='lat' dir='ltr'>acii</span> 
     </span>
     <span class='ocr_line' id='line_1_23' title="bbox 651 3085 1907 3206; baseline -0.003 -29"><span class='ocrx_word' id='word_1_161' title='bbox 651 3091 763 3180; x_wconf 85' lang='lat' dir='ltr'>nulla</span> <span class='ocrx_word' id='word_1_162' title='bbox 777 3091 871 3180; x_wconf 85' lang='lat' dir='ltr'>esset</span> <span class='ocrx_word' id='word_1_163' title='bbox 887 3096 927 3177; x_wconf 91' lang='lat' dir='ltr'>in</span> <span class='ocrx_word' id='word_1_164' title='bbox 943 3091 1100 3186; x_wconf 83' lang='lat' dir='ltr'>telluris</span> <span class='ocrx_word' id='word_1_165' title='bbox 1118 3089 1327 3206; x_wconf 74' lang='lat' dir='ltr'>superficie</span> <span class='ocrx_word' id='word_1_166' title='bbox 1355 3098 1430 3188; x_wconf 81' lang='lat' dir='ltr'>inae</span> <span class='ocrx_word' id='word_1_167' title='bbox 1459 3093 1628 3192; x_wconf 67' lang='lat' dir='ltr'>uilitas,</span> <span class='ocrx_word' id='word_1_168' title='bbox 1655 3119 1738 3186; x_wconf 83' lang='lat' dir='ltr'>turn</span> <span class='ocrx_word' id='word_1_169' title='bbox 1756 3095 1816 3178; x_wconf 91' lang='lat' dir='ltr'>uti</span> <span class='ocrx_word' id='word_1_170' title='bbox 1828 3085 1907 3174; x_wconf 82' lang='lat' dir='ltr'>fin·</span> 
     </span>
     <span class='ocr_line' id='line_1_24' title="bbox 651 3123 1907 3326; baseline -0.002 -30"><span class='ocrx_word' id='word_1_171' title='bbox 651 3209 840 3326; x_wconf 80' lang='lat' dir='ltr'>gulorutn</span> <span class='ocrx_word' id='word_1_172' title='bbox 853 3209 1024 3306; x_wconf 76' lang='lat' dir='ltr'>laterum</span> <span class='ocrx_word' id='word_1_173' title='bbox 1041 3237 1135 3293; x_wconf 86' lang='lat' dir='ltr'>vera</span> <span class='ocrx_word' id='word_1_174' title='bbox 1152 3210 1419 3304; x_wconf 83' lang='lat' dir='ltr'>aMeridiano</span> <span class='ocrx_word' id='word_1_175' title='bbox 1432 3123 1656 3306; x_wconf 72' lang='lat' dir='ltr'>declinatio</span> <span class='ocrx_word' id='word_1_176' title='bbox 1668 3209 1907 3324; x_wconf 83' lang='lat' dir='ltr'>indagetur.</span> 
     </span>
     <span class='ocr_line' id='line_1_25' title="bbox 651 3322 1908 3444; baseline -0.002 -32"><span class='ocrx_word' id='word_1_177' title='bbox 651 3327 803 3440; x_wconf 79' lang='lat' dir='ltr'>Anguis</span> <span class='ocrx_word' id='word_1_178' title='bbox 819 3349 953 3414; x_wconf 86' lang='lat' dir='ltr'>autem</span> <span class='ocrx_word' id='word_1_179' title='bbox 972 3322 1178 3422; x_wconf 75' lang='lat' dir='ltr'>observati</span> <span class='ocrx_word' id='word_1_180' title='bbox 1202 3327 1252 3408; x_wconf 80' lang='lat' dir='ltr'>ud</span> <span class='ocrx_word' id='word_1_181' title='bbox 1272 3325 1560 3436; x_wconf 71' lang='lat' dir='ltr'>Horizontales</span> <span class='ocrx_word' id='word_1_182' title='bbox 1587 3331 1666 3418; x_wconf 89' lang='lat' dir='ltr'>hoc</span> <span class='ocrx_word' id='word_1_183' title='bbox 1693 3331 1821 3444; x_wconf 70' lang='lat' dir='ltr'>paeto</span> <span class='ocrx_word' id='word_1_184' title='bbox 1847 3353 1908 3410; x_wconf 92' lang='lat' dir='ltr'>re·</span> 
     </span>
     <span class='ocr_line' id='line_1_26' title="bbox 653 3442 1829 3539; baseline -0.003 -13"><span class='ocrx_word' id='word_1_185' title='bbox 653 3442 875 3539; x_wconf 84' lang='lat' dir='ltr'>ducuntur.</span> <span class='ocrx_word' id='word_1_186' title='bbox 1825 3449 1829 3455; x_wconf 86' lang='lat'>&#39;</span> 
     </span>
     <span class='ocr_line' id='line_1_27' title="bbox 404 3549 1908 3682; baseline -0.01 -20"><span class='ocrx_word' id='word_1_187' title='bbox 404 3549 494 3608; x_wconf 57' lang='grc' dir='ltr'>Μ’</span> <span class='ocrx_word' id='word_1_188' title='bbox 515 3552 640 3610; x_wconf 51' lang='lat' dir='ltr'>&#39;‘dm&#39;&#39;</span> <span class='ocrx_word' id='word_1_189' title='bbox 714 3587 775 3661; x_wconf 87' lang='lat'>24</span> <span class='ocrx_word' id='word_1_190' title='bbox 802 3561 1103 3676; x_wconf 83' lang='lat' dir='ltr'>Concipiaotur</span> <span class='ocrx_word' id='word_1_191' title='bbox 1130 3559 1214 3653; x_wconf 83' lang='lat' dir='ltr'>duo</span> <span class='ocrx_word' id='word_1_192' title='bbox 1244 3559 1393 3650; x_wconf 87' lang='lat' dir='ltr'>circuli</span> <span class='ocrx_word' id='word_1_193' title='bbox 1419 3565 1585 3654; x_wconf 82' lang='lat' dir='ltr'>maximi</span> <span class='ocrx_word' id='word_1_194' title='bbox 1616 3593 1689 3682; x_wconf 85' lang='lat' dir='ltr'>per</span> <span class='ocrx_word' id='word_1_195' title='bbox 1715 3564 1908 3651; x_wconf 85' lang='lat' dir='ltr'>verticem</span> 
     </span>
    </p>
   </div>
   <div class='ocr_carea' id='block_1_3' title="bbox 403 3629 643 3702">
    <p class='ocr_par' dir='ltr' id='par_1_13' title="bbox 403 3629 643 3702">
     <span class='ocr_line' id='line_1_28' title="bbox 403 3629 643 3702; baseline 0.008 -16"><span class='ocrx_word' id='word_1_196' title='bbox 403 3629 433 3686; x_wconf 83' lang='lat' dir='ltr'>di</span> <span class='ocrx_word' id='word_1_197' title='bbox 453 3633 560 3702; x_wconf 69' lang='lat' dir='ltr'>ungulos</span> <span class='ocrx_word' id='word_1_198' title='bbox 594 3634 643 3688; x_wconf 60' lang='lat' dir='ltr'>obs</span> 
     </span>
    </p>
   </div>
   <div class='ocr_carea' id='block_1_4' title="bbox 406 3675 1906 3795">
    <p class='ocr_par' dir='ltr' id='par_1_14' title="bbox 406 3675 1906 3795">
     <span class='ocr_line' id='line_1_29' title="bbox 406 3675 1906 3795; baseline 0.001 -34"><span class='ocrx_word' id='word_1_199' title='bbox 406 3706 422 3761; x_wconf 87' lang='lat' dir='ltr'>r</span> <span class='ocrx_word' id='word_1_200' title='bbox 417 3725 521 3764; x_wconf 70' lang='lat'><strong>······</strong></span> <span class='ocrx_word' id='word_1_201' title='bbox 539 3683 640 3768; x_wconf 68' lang='lat' dir='ltr'>nu..</span> <span class='ocrx_word' id='word_1_202' title='bbox 654 3675 926 3773; x_wconf 79' lang='lat' dir='ltr'>observatoris</span> <span class='ocrx_word' id='word_1_203' title='bbox 955 3737 968 3772; x_wconf 90' lang='lat'>‚</span> <span class='ocrx_word' id='word_1_204' title='bbox 1001 3681 1145 3795; x_wconf 89' lang='lat' dir='ltr'>&amp;per</span> <span class='ocrx_word' id='word_1_205' title='bbox 1173 3680 1259 3766; x_wconf 91' lang='lat' dir='ltr'>duo</span> <span class='ocrx_word' id='word_1_206' title='bbox 1283 3684 1444 3788; x_wconf 69' lang='lat' dir='ltr'>objecta</span> <span class='ocrx_word' id='word_1_207' title='bbox 1469 3679 1686 3770; x_wconf 80' lang='lat' dir='ltr'>observata</span> <span class='ocrx_word' id='word_1_208' title='bbox 1714 3676 1906 3774; x_wconf 72' lang='lat' dir='ltr'>tranire,</span> 
     </span>
    </p>
   </div>
   <div class='ocr_carea' id='block_1_5' title="bbox 283 3788 1906 4009">
    <p class='ocr_par' dir='ltr' id='par_1_15' title="bbox 283 3788 1906 4009">
     <span class='ocr_line' id='line_1_30' title="bbox 283 3788 1906 4009; baseline 0.012 -146"><span class='ocrx_word' id='word_1_209' title='bbox 283 3801 292 3818; x_wconf 91' lang='grc'>·</span> <span class='ocrx_word' id='word_1_210' title='bbox 405 3788 543 3842; x_wconf 77' lang='lat'><strong>⁸⁰⁰‘⁸¹·⁸·</strong></span> <span class='ocrx_word' id='word_1_211' title='bbox 652 3797 722 3909; x_wconf 90' lang='lat' dir='ltr'>qui</span> <span class='ocrx_word' id='word_1_212' title='bbox 735 3798 859 3884; x_wconf 84' lang='lat' dir='ltr'>etiarn</span> <span class='ocrx_word' id='word_1_213' title='bbox 871 3795 1086 3910; x_wconf 78' lang='lat' dir='ltr'>producti,</span> <span class='ocrx_word' id='word_1_214' title='bbox 1116 3790 1409 4009; x_wconf 63' lang='lat' dir='ltr'>ubippustst.</span> <span class='ocrx_word' id='word_1_215' title='bbox 1440 3803 1717 3893; x_wconf 86' lang='lat' dir='ltr'>Horizontem</span> <span class='ocrx_word' id='word_1_216' title='bbox 1745 3795 1906 3883; x_wconf 85' lang='lat' dir='ltr'>secent.</span> 
     </span>
    </p>
   </div>
   <div class='ocr_carea' id='block_1_6' title="bbox 641 3911 1934 4984">
    <p class='ocr_par' dir='ltr' id='par_1_16' title="bbox 641 3911 1934 4836">
     <span class='ocr_line' id='line_1_31' title="bbox 647 3911 1908 4034; baseline -0.001 -37"><span class='ocrx_word' id='word_1_217' title='bbox 647 3917 764 4004; x_wconf 86' lang='lat' dir='ltr'>Patet</span> <span class='ocrx_word' id='word_1_218' title='bbox 778 3915 820 3995; x_wconf 93' lang='lat' dir='ltr'>in</span> <span class='ocrx_word' id='word_1_219' title='bbox 834 3911 914 4000; x_wconf 91' lang='lat' dir='ltr'>hoc</span> <span class='ocrx_word' id='word_1_220' title='bbox 928 3913 1022 4000; x_wconf 81' lang='lat' dir='ltr'>casu</span> <span class='ocrx_word' id='word_1_221' title='bbox 1047 3945 1182 4002; x_wconf 87' lang='lat' dir='ltr'>arcum</span> <span class='ocrx_word' id='word_1_222' title='bbox 1249 3917 1449 4011; x_wconf 81' lang='lat' dir='ltr'>oriuontis</span> <span class='ocrx_word' id='word_1_223' title='bbox 1478 3918 1584 4006; x_wconf 90' lang='lat' dir='ltr'>inter</span> <span class='ocrx_word' id='word_1_224' title='bbox 1609 3942 1827 4034; x_wconf 81' lang='lat' dir='ltr'>utramque</span> <span class='ocrx_word' id='word_1_225' title='bbox 1850 3917 1908 3998; x_wconf 89' lang='lat' dir='ltr'>in·</span> 
     </span>
     <span class='ocr_line' id='line_1_32' title="bbox 650 4026 1908 4160; baseline 0.002 -44"><span class='ocrx_word' id='word_1_226' title='bbox 650 4027 935 4120; x_wconf 77' lang='lat' dir='ltr'>tersediiouem</span> <span class='ocrx_word' id='word_1_227' title='bbox 957 4029 1295 4148; x_wconf 54' lang='lat' dir='ltr'>,comprehensum</span> <span class='ocrx_word' id='word_1_228' title='bbox 1322 4034 1395 4120; x_wconf 83' lang='lat' dir='ltr'>esse</span> <span class='ocrx_word' id='word_1_229' title='bbox 1418 4037 1429 4117; x_wconf 90' lang='lat' dir='ltr'>i</span> <span class='ocrx_word' id='word_1_230' title='bbox 1463 4033 1548 4124; x_wconf 90' lang='lat' dir='ltr'>sum</span> <span class='ocrx_word' id='word_1_231' title='bbox 1573 4039 1764 4160; x_wconf 81' lang='lat' dir='ltr'>angulum</span> <span class='ocrx_word' id='word_1_232' title='bbox 1789 4026 1908 4119; x_wconf 48' lang='lat' dir='ltr'>redu&amp;</span> 
     </span>
     <span class='ocr_line' id='line_1_33' title="bbox 651 4063 1907 4276; baseline 0.001 -44"><span class='ocrx_word' id='word_1_233' title='bbox 651 4151 790 4235; x_wconf 73' lang='lat' dir='ltr'>dium,</span> <span class='ocrx_word' id='word_1_234' title='bbox 817 4149 887 4258; x_wconf 91' lang='lat' dir='ltr'>qui</span> <span class='ocrx_word' id='word_1_235' title='bbox 907 4148 1100 4262; x_wconf 76' lang='lat' dir='ltr'>quaeritur</span> <span class='ocrx_word' id='word_1_236' title='bbox 1113 4212 1126 4245; x_wconf 92' lang='lat'>‚</span> <span class='ocrx_word' id='word_1_237' title='bbox 1141 4063 1515 4268; x_wconf 69' lang='lat' dir='ltr'>eumqueaequasern</span> <span class='ocrx_word' id='word_1_238' title='bbox 1529 4155 1602 4242; x_wconf 84' lang='lat' dir='ltr'>esse</span> <span class='ocrx_word' id='word_1_239' title='bbox 1617 4153 1784 4276; x_wconf 76' lang='lat' dir='ltr'>Anguso</span> <span class='ocrx_word' id='word_1_240' title='bbox 1799 4155 1907 4237; x_wconf 89' lang='lat' dir='ltr'>inter</span> 
     </span>
     <span class='ocr_line' id='line_1_34' title="bbox 649 4261 1906 4390; baseline 0.006 -42"><span class='ocrx_word' id='word_1_241' title='bbox 649 4266 832 4377; x_wconf 80' lang='lat' dir='ltr'>geminos</span> <span class='ocrx_word' id='word_1_242' title='bbox 852 4261 947 4356; x_wconf 83' lang='lat' dir='ltr'>iilos</span> <span class='ocrx_word' id='word_1_243' title='bbox 976 4268 1154 4356; x_wconf 84' lang='lat' dir='ltr'>circulos</span> <span class='ocrx_word' id='word_1_244' title='bbox 1178 4269 1442 4386; x_wconf 82' lang='lat' dir='ltr'>intercepto.</span> <span class='ocrx_word' id='word_1_245' title='bbox 1470 4277 1510 4360; x_wconf 86' lang='lat' dir='ltr'>si</span> <span class='ocrx_word' id='word_1_246' title='bbox 1523 4277 1650 4390; x_wconf 85' lang='lat' dir='ltr'>igitur</span> <span class='ocrx_word' id='word_1_247' title='bbox 1663 4295 1766 4360; x_wconf 86' lang='lat' dir='ltr'>nora</span> <span class='ocrx_word' id='word_1_248' title='bbox 1776 4271 1828 4356; x_wconf 86' lang='lat' dir='ltr'>fit</span> <span class='ocrx_word' id='word_1_249' title='bbox 1840 4297 1906 4384; x_wconf 86' lang='lat' dir='ltr'>ap-</span> 
     </span>
     <span class='ocr_line' id='line_1_35' title="bbox 645 4380 1934 4498; baseline 0.006 -32"><span class='ocrx_word' id='word_1_250' title='bbox 645 4409 788 4495; x_wconf 83' lang='lat' dir='ltr'>parent</span> <span class='ocrx_word' id='word_1_251' title='bbox 803 4380 1009 4498; x_wconf 85' lang='lat' dir='ltr'>utriusque</span> <span class='ocrx_word' id='word_1_252' title='bbox 1022 4391 1174 4496; x_wconf 75' lang='lat' dir='ltr'>objecti</span> <span class='ocrx_word' id='word_1_253' title='bbox 1190 4389 1604 4493; x_wconf 75' lang='lat' dir='ltr'>averticedistantia,</span> <span class='ocrx_word' id='word_1_254' title='bbox 1630 4391 1691 4476; x_wconf 84' lang='lat' dir='ltr'>hae</span> <span class='ocrx_word' id='word_1_255' title='bbox 1705 4390 1906 4480; x_wconf 77' lang='lat' dir='ltr'>distanriae</span> <span class='ocrx_word' id='word_1_256' title='bbox 1928 4461 1934 4474; x_wconf 86' lang='lat'>.</span> 
     </span>
     <span class='ocr_line' id='line_1_36' title="bbox 643 4497 1907 4622; baseline 0.006 -38"><span class='ocrx_word' id='word_1_257' title='bbox 643 4497 730 4585; x_wconf 90' lang='lat' dir='ltr'>duo</span> <span class='ocrx_word' id='word_1_258' title='bbox 743 4497 866 4587; x_wconf 84' lang='lat' dir='ltr'>latera</span> <span class='ocrx_word' id='word_1_259' title='bbox 879 4503 1049 4598; x_wconf 73' lang='lat' dir='ltr'>evadent</span> <span class='ocrx_word' id='word_1_260' title='bbox 1064 4503 1255 4622; x_wconf 79' lang='lat' dir='ltr'>trianguli</span> <span class='ocrx_word' id='word_1_261' title='bbox 1268 4503 1449 4620; x_wconf 70' lang='lat' dir='ltr'>sphaerici</span> <span class='ocrx_word' id='word_1_262' title='bbox 1464 4565 1476 4600; x_wconf 86' lang='lat'>‚</span> <span class='ocrx_word' id='word_1_263' title='bbox 1491 4511 1603 4618; x_wconf 84' lang='lat' dir='ltr'>cujus</span> <span class='ocrx_word' id='word_1_264' title='bbox 1619 4510 1787 4598; x_wconf 86' lang='lat' dir='ltr'>tertium</span> <span class='ocrx_word' id='word_1_265' title='bbox 1802 4508 1907 4594; x_wconf 79' lang='lat' dir='ltr'>latus</span> 
     </span>
     <span class='ocr_line' id='line_1_37' title="bbox 641 4617 1904 4742; baseline 0.012 -44"><span class='ocrx_word' id='word_1_266' title='bbox 641 4618 721 4706; x_wconf 88' lang='lat' dir='ltr'>erit</span> <span class='ocrx_word' id='word_1_267' title='bbox 739 4617 907 4734; x_wconf 81' lang='lat' dir='ltr'>angulus</span> <span class='ocrx_word' id='word_1_268' title='bbox 920 4619 1027 4708; x_wconf 89' lang='lat' dir='ltr'>inter</span> <span class='ocrx_word' id='word_1_269' title='bbox 1040 4617 1201 4733; x_wconf 71' lang='lat' dir='ltr'>objecit</span> <span class='ocrx_word' id='word_1_270' title='bbox 1213 4620 1284 4710; x_wconf 84' lang='lat' dir='ltr'>ilia</span> <span class='ocrx_word' id='word_1_271' title='bbox 1303 4623 1561 4721; x_wconf 56' lang='lat' dir='ltr'>observatum</span> <span class='ocrx_word' id='word_1_272' title='bbox 1590 4633 1699 4718; x_wconf 85' lang='lat' dir='ltr'>unde</span> <span class='ocrx_word' id='word_1_273' title='bbox 1711 4623 1904 4742; x_wconf 80' lang='lat' dir='ltr'>anguium</span> 
     </span>
     <span class='ocr_line' id='line_1_38' title="bbox 641 4732 1904 4836; baseline 0.006 -17"><span class='ocrx_word' id='word_1_274' title='bbox 641 4732 904 4825; x_wconf 80' lang='lat' dir='ltr'>observatum</span> <span class='ocrx_word' id='word_1_275' title='bbox 918 4739 971 4828; x_wconf 83' lang='lat' dir='ltr'>ad</span> <span class='ocrx_word' id='word_1_276' title='bbox 995 4735 1303 4836; x_wconf 86' lang='lat' dir='ltr'>Horizontalem</span> <span class='ocrx_word' id='word_1_277' title='bbox 1336 4745 1531 4836; x_wconf 87' lang='lat' dir='ltr'>reducere</span> <span class='ocrx_word' id='word_1_278' title='bbox 1556 4747 1659 4836; x_wconf 89' lang='lat' dir='ltr'>nihil</span> <span class='ocrx_word' id='word_1_279' title='bbox 1684 4749 1764 4834; x_wconf 86' lang='lat' dir='ltr'>erit</span> <span class='ocrx_word' id='word_1_280' title='bbox 1790 4739 1904 4833; x_wconf 82' lang='lat' dir='ltr'>aliud</span> 
     </span>
    </p>

    <p class='ocr_par' dir='ltr' id='par_1_17' title="bbox 1776 4887 1903 4984">
     <span class='ocr_line' id='line_1_39' title="bbox 1776 4887 1903 4984; baseline -0.024 -32"><span class='ocrx_word' id='word_1_281' title='bbox 1776 4887 1903 4984; x_wconf 77' lang='lat' dir='ltr'>quatu</span> 
     </span>
    </p>
   </div>
   <div class='ocr_carea' id='block_1_7' title="bbox 0 0 2094 5748">
    <p class='ocr_par' dir='ltr' id='par_1_18' title="bbox 0 0 2094 5748">
     <span class='ocr_line' id='line_1_40' title="bbox 0 0 2094 5748; baseline 0 3"><span class='ocrx_word' id='word_1_282' title='bbox 0 0 2094 5748; x_wconf 95' lang='lat' dir='ltr'> </span> 
     </span>
    </p>
   </div>
  </div>
 </body>
</html>
