4256 5730
520 572 554 662 P
600 573 654 660 'R
711 574 733 658 Ῑ
791 573 839 660 Μ
895 574 935 659 U
994 573 1068 658 M,
1387 607 1441 690 33

167 695 309 810 petitis
338 694 381 780 in
407 687 511 776 locis
536 687 747 804 pluribus,
780 688 918 780 multo
951 694 1076 806 magis
1113 689 1294 780 constare
1320 715 1443 808 pote·

166 833 289 902 runt,
323 808 439 922 quod
462 811 628 924 quidem
643 804 737 928 latis
752 811 906 896 evincit
918 803 1110 896 summam
1128 806 1358 918 hujusmodi
1371 839 1440 896 er-

168 931 430 1044 peditionum
457 925 707 1018 utilitatem,
739 931 784 1014 dt
810 955 909 1012 vero
940 929 1063 1014 etiam
1090 923 1359 1013 neceffitatem
1390 927 1439 1012 ad

169 1049 499 1164 Geographiam,
532 1045 584 1132 ad
611 1045 946 1136 Astronomiam,
978 1035 1031 1130 ad
1057 1072 1218 1133 omnem
1235 1043 1438 1161 Physicam

169 1167 521 1271 promovendam.

509 1367 1106 1542 crrurrt

356 1643 415 1726 De
442 1640 683 1752 expeditionis
711 1645 812 1726 inite
835 1647 1005 1730 ratione,
1033 1639 1079 1731 tlt
1096 1638 1260 1746 fruiiu.

172 1875 351 2060 UBI
373 1877 547 1989 primum
577 1878 742 1963 ineunte
773 1871 887 1986 Julio
915 1867 1047 1958 mense
1073 1876 1166 1954 anni
1204 1893 1313 1973 1750
1341 1899 1444 1958 onus
1509 1890 1691 1950 tntum„-

1461 1983 1514 2022 tunt
1532 1989 1592 2026 certa
1615 1993 1622 2026 2
1645 1991 1691 2028 20·

299 1992 417 2079 nobis
442 1993 604 2102 hujusce
632 1992 841 2079 litterariae
871 1990 1141 2105 expeditionis
1165 1991 1346 2075 ineundae
1372 1989 1442 2073 de·
1462 2048 1565 2104 ruat„
1583 2067 1691 2122 ,ΡΜ

173 2109 507 2206 mandatumest,
539 2110 642 2196 illud
659 2113 700 2193 in
714 2111 855 2222 primis
868 2135 972 2193 curae
990 2105 1092 2195 fuit,
1124 2131 1172 2194 ut
1185 2108 1441 2192 instrumenta
1461 2143 1501 2180 ωε
1527 2146 1693 2223 statura

172 2226 225 2309 ad
245 2223 445 2332 ejusmodi
456 2258 541 2315 rem
557 2225 764 2314 neceilaria
779 2253 1127 2342 compararemus,
1141 2225 1252 2340 quod
1266 2228 1441 2339 primum
1460 2207 1542 2261 Μ
1555 2225 1658 2262 “¹¹⁰⁰‘'

172 2342 322 2428 extitit
336 2347 531 2430 commilli
549 2341 672 2432 officii
698 2371 866 2436 munus,
898 2347 944 2430 δι
972 2340 1023 2426 ad
1040 2344 1239 2429 rationem
1264 2344 1444 2458 pertinet

172 2461 288 2546 initae
313 2461 613 2573 expeditionis.
644 2467 775 2550 Porro
803 2461 852 2547 ad
884 2460 1195 2578 geographicam
1223 2488 1441 2574 mappam„

171 2578 485 2692 corrigendam,
511 2577 881 2692 reformandamque
910 2575 1044 2664 multo
1058 2580 1206 2663 minori
1221 2579 1450 2682 instrumen-

172 2713 315 2780 torum
332 2717 526 2808 apparatu
540 2691 643 2812 opis
661 2721 780 2786 erat,
812 2701 930 2782 &res
959 2697 1089 2780 omnis
1120 2691 1260 2808 perfici
1280 2713 1446 2806 poterat

171 2809 410 2924 quadrantis
435 2818 604 2901 minoris
629 2811 727 2906 usu,
760 2817 831 2901 ubi
848 2810 988 2900 saltem
1014 2813 1056 2894 in
1071 2807 1300 2898 definiendo
1329 2809 1448 2894 meri-

170 2929 285 3013 diani
310 2928 435 3042 gradu
463 2927 581 3047 ipfius
611 2932 823 3019 meridiani
856 2933 1025 3019 duetus,
1053 2924 1285 3043 &plurium
1309 2925 1450 3012 statio·

170 3073 274 3132 num
289 3041 383 3132 litus
396 3050 618 3154 majoribus
633 3047 755 3134 ellent
772 3049 1041 3134 instrumentis
1054 3042 1311 3130 determinati
1328 3106 1337 3129 .
1368 3045 1451 3126 Ha·

167 3165 304 3250 bebat
319 3184 456 3247 autem
472 3163 736 3273 quadrantem
755 3160 952 3266 ejusmodi
966 3165 1008 3244 P.
1030 3161 1157 3244 Maire
1168 3157 1321 3273 pedalis
1334 3155 1451 3242 semi·

170 3277 375 3392 diametri
390 3275 527 3363 dolatu
543 3273 699 3364 facilem
714 3299 833 3390 atque
856 3279 916 3362 ita
929 3276 1229 3368 constructum,
1257 3279 1302 3362 δε
1315 3271 1451 3362 obser·

139 3485 144 3500 ,
172 3393 855 3482 sationibusiteratiscorrettum,
883 3413 931 3476 ut
945 3397 1059 3479 unius
1085 3397 1233 3480 minuti
1249 3422 1390 3482 error,
1421 3390 1449 3480 st

174 3508 273 3596 satis
299 3507 518 3624 diligenter
543 3513 800 3600 adhiberetur
828 3532 899 3598 aut
930 3513 1068 3596 timeri
1096 3517 1166 3598 vix
1195 3509 1351 3625 pollet,
1380 3532 1449 3596 aut

176 3632 303 3714 etiam
319 3631 490 3712 omnino
509 3655 595 3716 non
622 3625 777 3742 pollet,
803 3627 1051 3742 quiquidem
1073 3631 1190 3716 nobis
1217 3629 1266 3713 ad
1283 3657 1449 3741 geogra-

178 3745 313 3860 phicas
328 3741 514 3832 locorum
531 3747 750 3860 politiones
766 3743 919 3832 summo
934 3741 1089 3858 semper
1102 3741 1191 3832 usui
1208 3743 1312 3831 firit.
1487 3747 1490 3756 ’

238 3876 307 3962 67.
369 3865 673 3950 Determinatio
698 3863 933 3952 directionis
959 3863 1197 3956 meridiani,
1225 3865 1270 3950 dc
1294 3857 1604 3990 magni-{Jfss‘fflf
1620 3867 1698 3934 'Pl‘

179 3977 333 4066 tudinis
351 3980 498 4094 gradus
526 3978 647 4096 longe
659 3983 839 4089 majora,
872 4000 992 4092 atque
1018 3985 1273 4069 accuratiora
1305 3985 1449 4069 instru-
1463 3955 1697 4081 ,illidii

179 4121 314 4184 menta
330 4100 585 4209 requirebat.
619 4101 750 4186 Porro
764 4122 979 4210 utrumque
1004 4102 1049 4186 dt
1075 4100 1317 4214 geodaeticas
1340 4093 1592 4186 [ηοω-ΨΜ·
1693 4196 1696 4202 ,

178 4212 284 4298 suras
301 4211 513 4330 exposcit,
544 4215 886 4304 &astronomicas
914 4211 1217 4303 observationes
1233 4217 1452 4305 admodum
1555 4229 1558 4238 ’

182 4327 395 4418 delicatas.
428 4332 673 4420 Geodaeticae
699 4330 963 4422 dimenfiones
992 4339 1202 4448 requirunt
1230 4331 1349 4423 basrrn
1379 4335 1454 4420 ali·

183 4474 305 4558 quam
330 4447 574 4537 rediilineam
603 4449 756 4538 alicubi
784 4453 826 4536 in
849 4448 1020 4566 planitie
1034 4449 1127 4538 satis
1153 4453 1293 4570 aequali
1312 4449 1454 4538 defini·

183 4585 268 4648 tam
284 4560 459 4677 plurium
474 4567 785 4661 milliariorum,
816 4568 1000 4684 adquam
1013 4567 1194 4660 mensura
1210 4572 1450 4685 requiritur,

182 4682 296 4789 qu'us
324 4685 496 4772 ratioad
523 4683 783 4774 mensurasab
805 4687 892 4774 aliis
908 4692 949 4770 in
973 4689 1116 4775 eodem
1148 4691 1226 4775 hoc
1243 4685 1453 4794 investiga·
1481 4717 1502 4745 κ

184 4799 307 4890 tionis
318 4831 463 4917 genere
477 4805 677 4900 adhibitas
697 4831 768 4898 ,ut
781 4803 1122 5006 uniusEParisreufis
1136 4802 1371 4924 hexapedae,
1388 4829 1454 4890 ac-

1340 4949 1454 5008 cura·
