4132 5766
18 4537 24 4638 Ϊ
154 4543 684 4664 nimirumtelelcopiilixi,
716 4549 901 4638 &unico
916 4543 1128 4667 telescopii
1143 4546 1338 4643 mobilis,
1369 4575 1417 4636 ac
1433 4592 1492 4649 ur.

426 643 769 770 Quen
825 639 862 730 Τ
917 643 959 733 U
1017 639 1103 732 lu.
1313 671 1407 758 ser

136 755 325 885 reperto,
349 765 421 882 qui
439 817 443 832 ·
464 765 641 876 primam
661 757 773 849 illam
798 761 1028 848 machinam
1055 756 1298 882 perficeret,
1327 763 1405 884 qud

140 883 274 1003 regula
294 915 376 1005 ope
394 881 576 974 cochleae
599 901 936 996 promoveretur,
970 881 1106 967 indice
1120 904 1254 998 partes
1274 879 1407 1002 lingu-

136 1005 263 1094 larum
280 997 591 1094 conrerfionum
615 998 862 1087 denotante.
894 995 1080 1090 Pluribus
1108 1003 1218 1088 enirn
1246 1001 1409 1090 metho-

140 1126 199 1212 dis
215 1124 258 1211 id
284 1119 417 1242 ipfum
443 1117 620 1204 Arimini
648 1139 818 1206 conatus
836 1113 1003 1208 Artifex
1034 1117 1272 1236 ceteroquin
1295 1120 1408 1236 iuge-

139 1237 302 1336 niofus,
329 1263 530 1352 nunquam
546 1233 730 1322 obtinere
747 1233 919 1353 potuit,
946 1259 994 1322 ut
1009 1259 1324 1439 removeretur
1346 1267 1411 1326 re·

141 1361 237 1478 gula
256 1389 287 1444 ae
316 1353 503 1444 nobiliter
520 1373 638 1440 motu
656 1353 836 1442 cochleae
859 1355 1012 1470 sequabi
1033 1355 1074 1448 i,
1107 1383 1200 1444 curn
1214 1383 1288 1443 nec
1314 1352 1409 1446 satis

142 1391 355 1594 aequabiies
370 1471 493 1590 spiras
506 1469 753 1588 perfecerit,
779 1471 1275 1563 neccoclrleaeexemfatis
1290 1473 1410 1562 accu-

143 1621 228 1682 rate
245 1591 467 1680 collocarit
484 1613 657 1706 unquam
680 1655 688 1677 .
713 1590 760 1677 Id
786 1586 915 1708 ipsum
942 1613 1079 1681 autem
1107 1588 1407 1714 RufitsRoma·

139 1715 355 1799 nusnoster
369 1709 783 1797 machinamentorum
795 1707 956 1800 Artifex
969 1707 1188 1798 admodum
1201 1701 1403 1808 feliciter,

144 1833 189 1918 ἂ
208 1827 510 1946 ingeniostlfrnre
524 1827 735 1941 prestitit.
758 1937 762 1944 Ι
1407 1853 1410 1861 ·

148 1985 154 1996 ·
208 1977 306 2056 197.
329 1943 417 2058 Jam
444 1947 496 2031 de
515 1949 625 2030 redia
638 1947 821 2061 partium
833 1949 1029 2040 omniurn
1060 1941 1325 2064 dispositione
1350 1946 1414 2032 di·
1450 1958 1527 2018 Μ·
1548 1961 1659 2058 unnim

145 2069 316 2153 cendum
335 2063 419 2153 est,
448 2061 584 2150 ubide
611 2065 727 2149 omni
757 2061 1104 2152 rediilicationum
1118 2091 1266 2180 genere
1292 2093 1412 2182 agen·
1428 2041 1662 2192 fflffiffi

140 2187 240 2272 dum
255 2213 333 2271 una
349 2239 359 2272 ,
377 2185 422 2268 ὃ(
446 2184 487 2266 in
502 2209 555 2268 eo
581 2183 632 2266 de
645 2177 715 2268 ulu
731 2183 944 2299 poliremae
960 2180 1168 2303 utriusque
1192 2183 1664 2294 machiuae,=1e·n==nu·}¹e

140 2327 231 2390 tum
246 2301 300 2388 ad
314 2297 425 2388 ulum
453 2291 709 2416 quadrantis,
738 2303 785 2389 δι
804 2300 1107 2391 observationes
1123 2331 1174 2390 eo
1192 2301 1347 2390 habitas
1361 2280 1661 2436 fu'ssisss'e'wiofflg‘

139 2419 308 2508 ciendus
324 2417 494 2534 gradus.
522 2421 665 2507 Primo
678 2420 873 2532 quidem,
899 2423 1011 2538 quod
1040 2422 1222 2538 pertinet
1244 2421 1294 2508 ad
1311 2421 1413 2512 tele·
1635 2419 1645 2431 ’

139 2527 310 2657 scopia,
338 2537 585 2632 curandum,
602 2561 651 2625 ut
675 2565 816 2629 eorum
834 2569 927 2631 axes
955 2535 1410 2654 fiutquamaccuratilli-

141 2687 207 2746 me
220 2657 309 2744 lieri
323 2655 667 2774 poffit,paralleli
693 2658 820 2774 plano
835 2659 1094 2776 quadrantis,
1122 2659 1272 2771 dequo
1287 2657 1416 2772 paral·

142 2775 301 2864 lelilmo
326 2774 512 2894 pluribus
539 2777 694 2890 egimus
719 2779 854 2892 primo
882 2777 1019 2890 capite
1037 2831 1049 2865 ,
1070 2775 1142 2859 ubi
1168 2775 1218 2859 de
1242 2770 1409 2862 secioris

141 2893 398 3012 telelcopio‚
421 2887 742 2979 &innotescunt
756 2893 1010 2979 Astrouomis
1024 2890 1206 2977 methodi
1222 2890 1264 2976 id
1276 2887 1411 3007 ipsum

140 3012 380 3132 ptaestandi.
410 3009 457 3097 Id
474 3007 638 3124 quidem
666 3007 827 3100 Artifex
848 3011 981 3099 noster
993 3006 1087 3097 latis
1100 3003 1320 3124 diligenter
1333 3038 1405 3096 cu-

142 3152 333 3223 raserats
363 3130 564 3217 conflabit
578 3154 712 3216 autem
731 3125 922 3223 inferius,
949 3126 1021 3213 uili
1042 3129 1227 3214 deviatio
1240 3126 1415 3237 ejusmo-

142 3249 187 3333 di
203 3243 608 3358 fitlatismagna,·in
624 3245 1065 3338 iisobferrationibus,
1096 3244 1284 3360 adquam
1301 3245 1416 3333 adhi·
1493 3254 1498 3264 “
1666 3247 1671 3322 .'

140 3368 257 3454 bitus
273 3365 328 3450 est
342 3363 566 3480 quadrans,
596 3365 643 3450 δι
670 3392 759 3480 quae
783 3365 950 3474 majoris
975 3368 1172 3452 momenti
1202 3361 1321 3456 funt,
1350 3391 1414 3451 er·

141 3511 279 3571 rorem
297 3482 433 3571 haberi
450 3480 542 3567 inde
562 3479 826 3569 inlensrbilem
843 3549 852 3568 .
872 3485 1001 3571 Porro
1014 3481 1063 3568 ad
1080 3483 1123 3569 id
1146 3485 1417 3572 obtinendum

141 3601 308 3691 facilius
326 3600 544 3716 plurimum
561 3603 761 3687 conduxit
775 3599 847 3686 illa
863 3597 1028 3686 filorum
1044 3601 1297 3688 micrometti
1325 3629 1414 3686 mo·

143 3721 311 3811 bilitas,
337 3745 428 3834 quae
450 3712 518 3801 fila
544 3715 667 3804 anulo
690 3715 864 3816 inferta,
896 3719 1044 3805 mobili
1062 3722 1268 3833 primum,
1299 3717 1415 3801 dein·

143 3841 194 3928 cle
219 3837 483 3923 cochlearum
508 3863 589 3951 ope
617 3831 762 3929 affixo,
793 3835 905 3923 ultro
936 3857 1112 3952 utroque
1138 3859 1231 3924 ante
1260 3829 1417 3922 affixio·

146 3986 240 4048 nem
271 3955 432 4043 moveri
459 3947 635 4046 finebat,
664 3949 1123 4042 'doncerediatraufiens
1153 3983 1226 4072 per
1244 3949 1414 4044 filorum

16 4147 17 4150 s
146 4075 505 4166 intersecuionem
536 4073 582 4160 δε
599 4077 795 4188 poncium
809 4074 1015 4190 pertinens
1031 4068 1081 4160 ad
1107 4101 1226 4162 axem
1243 4072 1418 4185 objecti-

16 4283 19 4308 ,
154 4195 309 4282 risitri
324 4195 504 4281 debiturn
531 4191 779 4308 positionem
800 4196 1057 4309 acquireret.

220 4324 311 4415 198.
345 4311 472 4431 Quod
488 4313 638 4398 attinet
650 4311 702 4400 ed
717 4308 803 4427 ipla
816 4308 976 4404 fila,an
994 4339 1040 4397 ea
1053 4305 1090 4399 se
1108 4311 1158 4398 ad
1172 4305 1340 4430 angulos
1354 4337 1417 4397 re·
1470 4351 1583 4408 ,m
1598 4343 1671 4407 uu,

17 4505 21 4535 Γ
148 4430 237 4516 etos
255 4427 535 4517 interfecerint
552 4433 594 4516 in
621 4431 809 4518 omnibus
828 4431 955 4518 tribus
983 4431 1283 4524 micrometris,
1311 4431 1415 4520 binis
1434 4427 1606 4503 uturum,
1638 4425 1673 4482 ῆι

1434 4513 1518 4567 lorum
1531 4507 1671 4570 nictent-

18 4643 27 4785 ζ
149 4663 372 4752 inillotum
401 4663 526 4754 altera
549 4665 788 4785 reliquafile
816 4667 865 4755 ad
892 4663 1059 4785 angulos
1083 4665 1343 4760 seminecios,
1375 4663 1422 4752 id
1485 4655 1492 4666 ¹

19 4790 24 4884 ξ
151 4815 255 4874 sero
271 4842 284 4877 ,
300 4809 348 4872 ut
373 4787 528 4904 pariter
543 4789 585 4873 iu
604 4787 770 4875 foetoris
784 4789 1054 4878 micrometro
1068 4791 1272 4882 diximus,
1300 4780 1421 4874 facile

20 4985 31 5044 l

19 4885 27 4955 l
147 4903 307 5048 deliniri
337 4905 504 5026 potest,
533 4933 583 4999 au
598 4910 687 5008 ,rite
713 4905 937 5025 perfeetum
967 4907 1040 5004 lit,
1075 4905 1325 4998 conferendo
1352 4899 1425 4994 file

711 5031 796 5118 00
825 5055 853 5122 2
1357 5055 1424 5118 ea·
