4256 5730
556 601 587 680 P
647 597 785 680 R'l'
827 593 872 678 M
930 597 969 680 U
1026 597 1113 678 Mt
1408 621 1469 703 ιγ’·

175 768 178 776 r
206 709 329 799 tidem
345 709 453 793 enim
482 701 560 794 fere
576 704 839 796 secundorum
864 707 944 803 est,
974 735 1077 826 quot
1092 707 1277 824 gradibus
1296 710 1379 828 ipsa
1395 717 1457 800 di-

202 828 345 914 stantia
371 827 633 918 continetur,
661 849 708 912 ut
723 827 824 910 adeo
849 823 878 908 lt
901 830 988 942 quis
1014 831 1217 942 proximas
1233 828 1304 943 ipfi
1321 835 1458 918 zenith

201 941 327 1032 stellas
342 943 556 1034 adhibeat,
581 972 714 1031 errare
727 948 895 1031 omnino
907 973 988 1031 non
1002 947 1145 1060 podir.

258 1074 328 1172 38.
390 1065 566 1146 Demum
579 1060 664 1176 ipsa
680 1063 962 1148 Astronomica
977 1065 1233 1150 instrumenta
1246 1063 1380 1153 multo
1399 1097 1465 1166 ac<
1483 1058 1707 1187 &hilm

199 1179 408 1266 curatiore
421 1179 597 1265 construi
610 1201 741 1291 caepta
756 1176 845 1262 sunt
862 1232 874 1266 ‚
905 1182 948 1262 in
965 1182 1106 1291 quibus
1122 1181 1310 1267 Grahami
1326 1186 1371 1265 in
1384 1187 1464 1298 pri·
1485 1154 1709 1284 &melanus-

199 1295 277 1378 mis
302 1293 551 1384 celeberrimi
577 1300 681 1382 iuter
700 1293 855 1409 Anglos
884 1295 1081 1401 ejusmodi
1108 1297 1463 1386 instrumentorum

197 1409 385 1498 Artificis
417 1410 609 1498 industria
622 1415 767 1498 mitum
792 1414 834 1494 in
847 1411 1016 1498 modum
1042 1409 1199 1500 eluxit.
1232 1417 1383 1500 Omnes
1397 1445 1463 1502 au·
1573 1475 1574 1480 κ

197 1551 288 1614 tem
314 1529 546 1614 Astronomi
575 1534 634 1618 ita
672 1532 716 1612 in
743 1527 1099 1615 instrumentorum
1130 1525 1310 1640 ipsorum
1339 1534 1460 1627 vim,

197 1643 242 1731 in
260 1643 425 1757 Opticae
455 1643 586 1759 leges,
617 1649 719 1730 inea
744 1649 911 1735 omnia,
940 1675 1028 1762 quae
1053 1646 1107 1732 ad
1135 1650 1458 1735 correctionem.-

199 1763 413 1877 pertinent
425 1759 678 1855 dirifionum‚
691 1756 944 1874 inquisrerant
960 1819 972 1852 ,
987 1783 1036 1846 ut
1049 1762 1129 1848 hoc
1149 1766 1274 1847 etiam
1287 1767 1328 1846 in
1341 1791 1462 1878 gene«

196 1903 247 1958 re
263 1877 458 1989 quidquid
471 1879 519 1962 ad
534 1910 618 1966 rem
630 1881 730 1966 bene
739 1878 954 1989 gerendam
966 1881 1234 1989 requireretur
1247 1934 1260 1970 ,
1274 1881 1320 1963 iu·
1327 1909 1463 1992 prom·

199 2017 277 2104 ptu
296 1990 419 2084 effer,
451 2025 496 2080 ac
516 1999 676 2084 demum
702 1995 807 2077 certi
825 1990 977 2076 fuerant
1007 1993 1278 2082 mensurarum
1304 1996 1461 2080 moduli

197 2111 438 2204 constituti,
469 2136 519 2196 ut
531 2141 580 2196 ne
591 2141 641 2196 ex
653 2142 704 2196 eo
717 2107 879 2221 quidem
892 2111 1028 2222 eapite
1040 2107 1142 2202 ullus
1154 2114 1197 2197 in
1210 2109 1459 2197 diversorum

195 2226 391 2336 graduum
405 2234 709 2342 comparatione
727 2252 838 2309 error
854 2226 991 2310 timeri
1010 2225 1163 2340 pollet.

262 2375 327 2454 39.
390 2347 435 2428 ln
449 2375 499 2429 eo
532 2346 634 2430 statu
653 2365 875 2434 maneres,
908 2370 997 2455 quae
1021 2342 1072 2427 ad
1099 2345 1270 2458 figuram
1286 2341 1484 2452 Telluris,
1518 2360 1702 2452 orditiones

192 2463 435 2572 pertinent,
468 2491 572 2546 anno
598 2458 757 2567 hujusce
784 2455 916 2544 saeculi
941 2462 1085 2574 quinto
1113 2519 1126 2552 ,
1157 2466 1201 2547 dc
1229 2457 1360 2578 trigefi
1476 2439 1703 2530 ¹⁹⁰²¹¹¹²·¹'‘⁰¹'⁰‘

82 2572 91 2597 “
191 2603 289 2661 cum
315 2577 364 2662 de
377 2575 463 2693 ipsa
489 2578 625 2664 multd
654 2577 904 2667 accuratius,
934 2607 1055 2690 quam
1083 2603 1174 2665 ante
1202 2576 1352 2668 facium
1366 2575 1459 2662 ellet
1476 2589 1588 2656 crudam
1618 2597 1701 2647 retr:
1803 2621 1804 2626 κ

190 2692 461 2806 investiganda
490 2694 696 2782 confilium
726 2695 847 2808 caepit
876 2691 1092 2784 Parifienfis
1119 2697 1360 2782 Academia.
1389 2663 1603 2778 Sa-⁶‘¹¹‘¹”¹'

192 2809 439 2922 pientillimo
455 2813 654 2897 Ludovici
682 2809 827 2894 decimi
853 2811 987 2920 quinti
1000 2807 1452 2927 sapientiffimiitidem‚

189 2929 233 3012 dc
245 2923 609 3013 'munificentissimi
627 2927 752 3038 Regis
767 2924 1001 3017 administro
1015 2931 1174 3012 Comiti
1191 2930 1232 3010 de
1247 2929 1452 3034 nnurepas

187 3039 456 3154 significatum
471 3042 549 3132 fuit
566 3103 577 3136 ,
595 3046 738 3161 quanti
750 3041 952 3125 interesset
966 3097 978 3130 ‚
994 3070 1076 3130 non
1088 3044 1137 3129 ad
1154 3041 1355 3158 Physicam
1370 3057 1455 3124 tanss

187 3158 446 3244 tummodo‚
478 3163 523 3244 &
548 3157 846 3242 Astronomiam
880 3155 1181 3243 excolendam,
1213 3182 1454 3268 promoven·

186 3272 398 3381 demque,
429 3298 567 3356 verum
585 3267 768 3355 etiamad
787 3269 1085 3381 Geographiam
1104 3323 1117 3356 ‚
1148 3275 1192 3356 de
1207 3275 1457 3364 Nauticam,

161 3471 162 3476 a
186 3413 243 3470 ex
264 3386 407 3498 quibus
419 3389 459 3468 iu
475 3380 585 3498 ipsos
599 3384 777 3472 humanae
791 3385 885 3466 vitae
897 3379 986 3467 usus
1003 3389 1106 3479 tanti
1119 3411 1360 3501 promanant
1375 3385 1456 3474 frtr-

185 3507 304 3592 etus,
335 3499 531 3608 ejusmodi
558 3500 839 3611 investigatio:
867 3500 1062 3589 aestimato
1077 3506 1186 3591 nauis
1203 3506 1346 3600 itinere
1362 3503 1454 3609 jux-

188 3615 508 3710 taCallinianam
526 3612 699 3701 Telluris
725 3611 895 3728 figuram
918 3613 1043 3706 ineos
1070 3615 1234 3708 cosdem
1265 3616 1453 3733 scopulos

191 3735 374 3818 incurrat
398 3759 546 3825 nauta,
578 3766 600 3818 a
623 3733 763 3852 quibus
789 3737 832 3824 in
845 3735 1124 3824 Neurtoniana
1154 3734 1352 3822 sententia
1381 3765 1452 3848 per
1506 3841 1510 3850 ἱ

190 3849 322 3963 plures
349 3848 549 3937 leucarum
565 3848 729 3942 decades
748 3846 961 3962 aliquando
974 3849 1093 3964 longe
1109 3847 1229 3938 ablat.
1260 3849 1370 3942 Polli
1383 3881 1452 3936 au-

191 3988 273 4050 tem
302 3969 440 4082 Regiis
469 3964 685 4084 auspiciis,
711 3969 852 4081 Regiis
882 3962 1064 4082 impenfis
1091 3969 1205 4054 binas
1236 3969 1451 4054 Academi-

189 4104 329 4171 corum
347 4105 501 4176 turmas
533 4083 690 4168 dimitti
702 4107 720 4175 3
746 4083 915 4176 alteram
939 4087 982 4175 in
998 4086 1194 4178 Boream,
1226 4104 1273 4170 ut
1296 4084 1357 4192 add
1376 4111 1449 4170 no*-

190 4199 309 4286 llrum
321 4201 526 4290 borealem
542 4197 695 4316 polum,
706 4203 1014 4315 quamproxime
1032 4198 1197 4296 liceret,
1213 4202 1446 4292 accederet,

191 4311 352 4405 alteram
379 4325 421 4405 in
449 4320 635 4408 Austrum
663 4371 679 4406 5
707 4340 754 4400 ut
783 4318 833 4404 ad
861 4315 990 4436 ipsum
1015 4342 1259 4434 aequatorem
1285 4319 1449 4412 deueni-

190 4450 282 4521 ret,
309 4436 501 4556 binosque
518 4437 693 4528 maxime
705 4436 811 4518 inter
835 4431 874 4518 se
902 4435 1082 4524 remotos
1095 4437 1241 4550 gradus
1257 4437 1457 4530 metiren-

187 4565 285 4642 tur,
317 4582 573 4674 quorumope
598 4553 647 4638 de
668 4579 720 4635 eo
745 4551 922 4641 constare
948 4551 1105 4668 posset,
1140 4573 1445 4650 anaccurate)

187 4659 404 4774 sphaerica,
434 4703 481 4758 an
493 4671 716 4787 producis,
748 4699 797 4754 an
825 4696 918 4754 vero
932 4671 1151 4782 eomprelia
1165 4675 1214 4756 ad
1271 4669 1359 4754 olos
1382 4667 1442 4754 es·

188 4779 243 4877 itt
260 4786 432 4875 Telluris
445 4788 595 4905 ligura,
611 4815 714 4870 cum
729 4785 975 4978 potiffingum
989 4780 1017 4866 fi
1029 4782 1209 4897 elliptica
1237 4807 1298 4881 rt,
1328 4813 1377 4872 ex
1392 4785 1441 4874 iis.

200 4953 203 4960 Δ
946 4923 971 4982 2
1349 4927 1435 4988 tan·
