4178 5748
507 651 1052 742 PRIMUM.
1309 676 1423 760 ,τος

161 801 243 866 tem
261 765 413 859 stadius
428 768 773 886 prospiciebamus
788 770 1056 885 nequidquam
1075 825 1086 862 ‚
1118 796 1325 884 quoscum
1340 773 1426 858 aliis

162 895 211 980 ad
225 895 394 976 Boream
411 945 423 982 .
453 891 498 972 &
514 892 727 973 Orientem
745 889 826 974 fitis
842 890 1082 974 connectere
1095 916 1177 974 non
1189 889 1362 976 licebat.

222 1037 313 1114 190.
376 1010 579 1123 Qoniam
605 1034 702 1089 vero
727 1006 807 1110 jam
826 1007 871 1088 δι
894 1031 976 1118 noar
1003 1003 1243 1096 accesserat,
1274 1009 1320 1092 dc
1339 1006 1423 1120 spes
1459 1043 1540 1097 rura
1556 1043 1610 1118 aa
1628 1069 1674 1108 η.

162 1147 249 1212 erat
266 1118 373 1241 posse
387 1121 580 1236 postridie
595 1124 636 1203 in
649 1143 828 1206 montem
847 1121 998 1212 rediri,
1032 1121 1264 1210 defleximus
1279 1120 1527 1252 nonni-ffemi
1550 1123 1578 1176 ³·
1611 1145 1678 1182 “s-

164 1239 295 1328 bilex
322 1239 469 1322 itinere
494 1237 543 1322 ad
570 1237 695 1322 aedem
721 1233 879 1321 summae
907 1265 979 1351 per
1006 1270 1052 1324 ea
1079 1214 1678 1352 locareligionisni‘iruliiilid

161 1387 283 1472 quam
298 1356 441 1440 dicunt
457 1355 499 1438 B.
515 1355 691 1468 Virginis
707 1381 730 1435 a
744 1355 949 1439 Macereto
969 1410 981 1445 ‚
1014 1358 1057 1438 in
1076 1356 1188 1462 cujus
1214 1354 1363 1440 aedibus
1377 1351 1571 1440 sa·¹¹⁸¹¹“·

163 1502 214 1558 ne
229 1467 372 1586 amplis
389 1524 402 1558 ,
431 1473 476 1554 ἃ
488 1471 747 1555 commodiaa
764 1468 846 1554 loci
862 1473 1142 1559 Sacerdotibus
1160 1469 1428 1559 humaniffime

164 1591 357 1704 excepti,
378 1589 423 1670 δε
440 1584 704 1673 liberalissime
722 1586 849 1670 habiti
861 1591 1022 1672 noaem
1042 1583 1324 1702 transegimus,
1345 1591 1431 1674 Pri·

164 1737 236 1792 mo
264 1727 402 1789 autern
419 1729 530 1788 mane
559 1723 696 1788 totum
727 1702 769 1785 id
789 1703 991 1790 montium
1017 1707 1158 1818 jugum
1176 1699 1436 1790 denfisnubi-

166 1825 248 1909 bus
271 1818 497 1906 involutum
523 1821 742 1932 apparuit,
769 1843 813 1901 ac
829 1817 985 1903 nivibus
1010 1823 1318 1933 circumquaque
1344 1824 1439 1906 can-

170 1937 297 2022 dens.
329 1933 556 2050 Desperato
571 1937 696 2046 igitur
710 1963 819 2020 noro
832 1931 988 2021 ascensu
1005 1990 1016 2028 ,
1042 1935 1287 2020 redeundum
1303 1931 1378 2022 suit
1393 1943 1442 2034 inw

168 2053 403 2168 oppidum,
434 2082 487 2138 ex
517 2077 599 2166 quo
617 2051 808 2165 postridie
837 2050 889 2137 ad
919 2047 1148 2167 oppofitam
1176 2049 1334 2165 plagam
1362 2057 1436 2138 in,

169 2193 358 2256 montem
385 2166 479 2253 satit
510 2165 667 2252 editum
696 2163 880 2253 evafimus
914 2165 1051 2257 labore
1079 2165 1262 2257 summo,
1294 2169 1436 2255 itinere

168 2288 363 2372 horarum
383 2287 522 2370 trium,
536 2282 649 2394 quod
664 2312 741 2396 ego
755 2287 834 2369 iter
848 2341 861 2376 ,
876 2311 981 2396 equo
1005 2283 1122 2369 alteri
1135 2281 1320 2368 concesso
1337 2345 1348 2376 ,
1365 2289 1438 2402 qui

169 2403 289 2485 nobis
304 2402 437 2484 vicina
467 2398 558 2484 loca
591 2398 857 2512 indigitant,
889 2427 962 2484 nec
984 2398 1064 2484 alio
1087 2424 1242 2484 mature
1268 2401 1438 2488 invento
1567 2443 1575 2458 ·

170 2517 343 2630 pedibus
371 2511 529 2602 confeci
554 2511 761 2616 eosudore
786 2515 997 2604 madidus,
1032 2540 1079 2603 ut
1093 2514 1188 2600 dum
1201 2517 1292 2630 post
1317 2519 1437 2605 horas

169 2657 253 2718 tres
266 2631 433 2716 domum
446 2625 636 2714 descensu
662 2659 796 2744 prono
809 2627 998 2744 regressus
1015 2630 1207 2716 indusium
1232 2636 1438 2745 exprime·

168 2775 290 2839 rem,
317 2748 485 2862 quodin
513 2749 646 2860 primo
673 2745 1099 2858 appulsuadmontem
1126 2747 1226 2830 mihi
1253 2747 1440 2838 detraxea

169 2893 289 2958 rarn,
318 2892 365 2948 ac
384 2885 478 2950 toto
499 2891 552 2945 eo
579 2865 764 2977 tempore
794 2861 1016 2950 detuleram
1032 2868 1073 2950 ln
1098 2890 1220 2978 pera,
1252 2865 1438 2958 omnibus

172 2978 490 3094 inspedantibus
517 2975 649 3090 liquor
674 2974 906 3063 effluxerit.
938 2987 1074 3094 Atque
1096 2981 1138 3063 id
1163 2977 1326 3090 quidem
1342 2982 1439 3068 &in

171 3093 368 3204 januario
383 3118 519 3177 monte
548 3095 645 3176 mihi
665 3093 812 3176 accidit
830 3091 979 3182 semel,
1011 3093 1143 3182 rnula.
1167 3119 1288 3202 quarn
1302 3099 1441 3206 pretio

169 3209 474 3294 conduxeram,
496 3205 627 3317 elapsa
639 3235 711 3318 per
727 3213 884 3290 noctem
900 3262 911 3293 ‚
927 3209 1125 3320 quaedum
1137 3207 1331 3318 quaeritur
1344 3225 1441 3300 ,an-

169 3347 220 3410 te
244 3317 371 3432 ipsam
385 3347 568 3405 auroram
586 3367 598 3408 s
631 3343 679 3405 ut
698 3321 805 3406 cirea
819 3319 920 3405 Solis
936 3345 1073 3408 ortum
1088 3320 1163 3405 else
1187 3319 1381 3433 poliemus
1396 3329 1439 3410 in

16 3439 28 3450 '
168 3435 530 3526 summeverae,
560 3436 727 3548 pedibus
741 3433 896 3520 ascendi
912 3437 1135 3550 impavidus
1152 3493 1164 3527 ‚
1179 3450 1239 3520 'ac
1253 3438 1294 3521 id
1309 3436 1439 3554 ipsum

173 3553 362 3666 pluribus
377 3550 464 3633 aliis
481 3553 521 3634 in
543 3549 757 3638 loeismihi
782 3551 965 3645 accidit,
990 3557 1061 3666 qui
1086 3552 1135 3638 d'e
1153 3553 1289 3638 'alieno
1299 3552 1438 3642 labore

174 3666 380 3753 sollicitus
406 3667 714 3753 meumomnino
729 3669 866 3756 curavi
884 3692 1117 3787 nunquams
1141 3697 1190 3754 ne
1205 3691 1438 3787 opportuna

164 3780 811 3882 -ubservandioeeafiodefioerem

184 3947 192 3954 -
248 3927 338 4004 191.
386 3897 572 3986 Desinito
584 3898 669 3986 loci
682 3897 814 4018 postu
831 3923 1099 4020 utcunqueex
1112 3935 1163 3994 eo
1175 3927 1433 4022 monte‚po·
1466 3947 1579 4021 nuspa
1596 3949 1686 4008 errare.

180 4021 285 4105 llero
296 4017 361 4103 die
375 4018 512 4130 primo
525 4042 639 4102 mane
650 4012 886 4108 discessimus
898 4023 1019 4114 inde,
1051 4027 1096 4112 ὃ(
1109 4055 1180 4142 per
1195 4023 1337 4110 vallem
1350 4053 1432 4108 arn·
1447 4023 1499 4152 “f'
1519 4029 1685 4161 ”13³³oe

180 4132 424 4250 piisimum,
455 4161 501 4218 ac
527 4131 649 4220 ferme
677 4133 835 4250 planam
852 4137 1049 4254 Sibyllino
1062 4143 1162 4256 jugo
1188 4137 1403 4246 subjet‘lam
1421 4198 1433 4234 2
1449 4118 1533 4239 {llum
1583 4105 1686 4167 ’Μ’

183 4273 273 4358 quae
284 4250 445 4359 quidem
463 4277 556 4335 cum
567 4247 836 4345 srtaltillrma‚
859 4275 1015 4340 montes
1025 4257 1222 4373 plurimos
1234 4257 1362 4342 vincit
1378 4253 1436 4344 sa·
1531 4251 1533 4256 ’

185 4363 412 4455 tiseditor‚
440 4364 616 4478 prostati
634 4362 762 4451 sumus
787 4367 921 4455 versus
934 4372 1134 4484 oppidum
1160 4373 1265 4460 olim
1289 4377 1335 4462 dc
1360 4371 1440 4461 fre-

186 4503 336 4592 quens,
353 4485 396 4566 &
408 4478 677 4596 opulentum,
700 4486 872 4598 Arqaara
884 4485 1060 4582 dicitur,
1088 4517 1236 4606 pagum
1254 4493 1443 4605 exiguum

184 4589 436 4710 transgressi,
461 4597 739 4711 quemdieunt
751 4604 780 4684 is
796 4595 1050 4708 Castellu'ccio.
1084 4611 1194 4694 Dum
1213 4629 1347 4693 autern
1364 4607 1441 4688 ire·

185 4737 277 4796 mus
302 4735 473 4824 peream
495 4711 664 4809 vallem,
687 4715 827 4830 jugum
841 4715 969 4829 ipsum
993 4723 1045 4807 ad
1061 4722 1202 4810 laevam
1218 4719 1342 4805 densis
1368 4725 1442 4808 nu'·

184 4828 304 4912 bibus
318 4855 340 4910 e
355 4823 554 4943 superiori
571 4852 687 4944 parte
700 4835 995 4946 contegebatur
1010 4895 1022 4928 ‚
1036 4839 1140 4924 unde
1154 4838 1287 4923 niuem
1301 4839 1442 4934 etiarn,

187 4969 275 5058 quae
289 4967 493 5062 perpetuo
512 4943 760 5045 decidebat,
790 4951 904 5152 teng
920 4949 1067 5042 adnos
1090 4953 1262 5070 obliquo
1285 4957 1442 5072 ingenti

1367 5101 1442 5160 tra-
