4156 5752
461 536 484 630 ἔ
652 565 880 652 ’164“
1032 545 1593 638 OPUSCULU‘M

651 713 658 722 ·
683 673 746 752 uti
763 664 941 771 conjicio
959 718 971 752 ,
989 691 1040 751 eo
1051 664 1265 780 depressior
1280 667 1335 749 est
1354 731 1362 747 .
1396 671 1503 750 Nam
1516 667 1558 750 hi
1572 664 1654 752 duo
1675 675 1864 762 monte's,
1886 669 1951 754 in·

641 787 657 836 '·
683 780 861 867 tervallo
880 777 959 862 sere
975 773 1266 892 sesquimilliari
1285 784 1334 865 ab
1354 783 1528 864 invicem
1555 783 1782 873 recedunt,
1816 814 1953 900 neque

683 894 1025 1009 illiusdeprellio,
1053 897 1213 980 nisime
1241 900 1394 982 animus
1424 891 1564 987 sallit,
1593 899 1735 1010 gradus
1752 906 1866 988 unius
1885 905 1949 985 di-

678 1019 849 1106 midium
874 1013 1067 1127 attingit.
1096 1016 1154 1097 At
1186 1037 1233 1095 ue
1248 1014 1289 1100 hi
1302 1011 1467 1126 quidem
1481 1036 1640 1098 montes
1654 1035 1825 1102 caeteros
1851 1051 1946 1105 om-

681 1165 751 1219 nes
773 1133 887 1240 hujus
914 1135 1064 1217 trattus
1091 1042 1206 1213 facile
1237 1129 1499 1242 exsuperant,
1528 1132 1714 1224 tamem,
1743 1155 1789 1217 ut
1808 1135 1944 1220 modo

678 1251 835 1334 didtum
855 1246 939 1338 est,
972 1243 1099 1360 neque
1115 1274 1208 1332 cum
1229 1248 1329 1358 jugo
1356 1243 1545 1360 Sibyllae,
1574 1275 1701 1363 neque
1716 1277 1940 1336 cumnon.

678 1363 799 1449 nullis
812 1365 897 1451 aliis
912 1369 1047 1478 Regni
1062 1359 1327 1479 Neapolitani
1343 1419 1354 1452 ,
1369 1361 1597 1446 &Etruriae
1610 1366 1825 1450 Montibus
1839 1394 1939 1453 con·

677 1478 834 1567 serendi
848 1475 924 1568 else
937 1481 1167 1578 videantur.
1198 1481 1261 1560 De
1284 1480 1384 1592 jugo
1413 1473 1515 1569 illo,
1545 1478 1658 1591 quod
1673 1484 1938 1568 Provinciam

537 1695 545 1713 Ι
675 1601 936 1714 Campaniae,
952 1598 1013 1682 uti
1029 1619 1205 1688 vocant,
1235 1626 1258 1678 a
1284 1595 1493 1680 Maritima
1519 1595 1796 1684 disterminat,
1826 1596 1931 1683 nihil

675 1718 781 1802 certi
805 1714 938 1801 habeo
964 1712 1076 1824 quod
1105 1712 1398 1826 pronuntiem,
1421 1737 1516 1795 cum
1533 1709 1655 1824 longe
1671 1733 1787 1799 extra
1806 1715 1933 1798 trian-

676 1829 771 1943 gula
783 1830 914 1916 nostra
925 1826 1042 1914 litum
1062 1825 1133 1910 lit.
1161 1829 1318 1912 Eminet
1330 1824 1417 1920 illic
1430 1831 1549 1912 Mons
1559 1825 1749 1940 quidam,
1780 1832 1847 1914 cui
1865 1859 1933 1914 re·

673 1947 805 2056 gionis
820 1944 926 2032 illius
947 1942 1097 2031 accolae
1112 1973 1135 2028 a
1153 1945 1329 2056 tricipiti
1345 1941 1474 2055 figura
1492 1970 1639 2028 nomen
1656 1947 1667 1986 ¹
1685 1941 1928 2057 imposuere,

670 2086 912 2175 quamquam
934 2054 1320 2177 propriovocabulo
1349 2063 1469 2144 Mons
1484 2060 1758 2171 Sempervivus
1789 2057 1928 2174 appel-

668 2175 777 2262 letur
790 2183 818 2262 ².
849 2183 965 2264 Hunc
979 2176 1128 2263 Gatriae
1155 2173 1234 2262 sere
1249 2172 1456 2290 supparem
1470 2171 1544 2260 ell'e
1558 2173 1701 2261 exinde
1715 2180 1914 2282 conjicio,

668 2293 782 2409 quod
798 2326 821 2379 a
835 2299 979 2380 Monte
1008 2292 1169 2378 Albano
1195 2291 1397 2404 spotiatus
1414 2289 1520 2376 haud
1536 2289 1678 2406 paullo
1705 2289 1829 2376 altior
1847 2321 1919 2404 ap·

666 2432 810 2520 pareat
838 2414 895 2494 M.
911 2409 1125 2518 Januario,
1151 2431 1394 2495 cumtamen
1410 2405 1614 2519 utriusque
1648 2404 1837 2493 distantia
1870 2414 1920 2496 ab

668 2519 745 2606 illo
760 2528 906 2610 Monte
924 2527 1062 2612 eadem
1079 2522 1199 2612 serme
1214 2526 1284 2612 lit.
1322 2531 1454 2612 Porro
1465 2526 1619 2609 Montis
1632 2519 1782 2608 Albani
1809 2523 1920 2610 Alti-

665 2642 768 2726 tudo
782 2636 988 2728 sexcentos
1016 2641 1139 2754 pallus
1152 2643 1258 2730 haud
1272 2639 1462 2728 excedit.
2068 2711 2069 2744 ,

721 2769 788 2843 60.
816 2758 892 2842 Sed
905 2758 987 2842 haec
1002 2753 1146 2842 ultima
1161 2761 1275 2866 hujus
1289 2756 1374 2842 loci
1387 2779 1618 2843 nonerunt.
1648 2759 1909 2870 Nequeenim
2068 2757 2069 2845 l

414 2863 517 2993 ξξξζ·
541 2876 647 2938 Μ’
660 2873 726 2959 hic
740 2872 850 2958 aliud
862 2877 978 2961 nobis
992 2871 1343 2990 proposueramus,
1359 2895 1536 2988 quamut
1554 2875 1717 2958 Montes
1736 2877 1778 2957 in
1802 2880 1920 2962 trian-

643 3061 647 3072 ,
660 2988 766 3104 gulis
782 2991 923 3076 nostris
935 3015 1186 3076 occurrentes
1202 2995 1305 3074 inter
1321 2987 1399 3075 sese
1414 2985 1690 3076 conferremus
1709 3047 1721 3082 ,
1748 3021 1917 3076 eorum·

654 3136 733 3220 que
760 3104 1035 3195 Altitudinem
1060 3100 1176 3222 snpra
1201 3106 1325 3190 Maris
1356 3103 1605 3217 superficiem
1636 3131 1731 3190 vero
1770 3111 1912 3220 proxi·

654 3251 763 3308 mam
777 3217 1050 3308 definiremus.
1080 3223 1356 3342 Quamobrem
1372 3220 1471 3304 nihil
1489 3214 1649 3334 prorsus
1666 3221 1849 3307 diximus
1861 3223 1910 3309 de

653 3341 753 3448 jugo
781 3333 856 3419 illo
872 3390 884 3423 ,
911 3337 1022 3448 quod
1040 3341 1212 3422 aMonte
1225 3337 1416 3444 Januario
1431 3340 1478 3434 in,
1489 3336 1786 3447 septentriones
1807 3343 1906 3424 Rea·

652 3474 695 3538 te
724 3446 854 3534 versus
879 3456 1089 3547 excurrit,
1117 3454 1256 3564 inquo
1272 3451 1421 3539 multos
1437 3452 1539 3538 alios
1562 3454 1693 3563 apices
1722 3460 1904 3567 reperire

640 3568 706 3654 -eli
720 3569 1070 3677 MonteJanuario
1088 3591 1204 3654 extra
1234 3567 1548 3656 controversiam
1580 3565 1774 3656 altiores.
1803 3569 1905 3654 nihil

643 3683 980 3776 demultisaliis,
1008 3687 1051 3768 in
1082 3687 1253 3797 quibus,
1289 3706 1435 3800 praeter
1462 3708 1635 3773 caetera,
1666 3686 1826 3770 verticis
1840 3684 1903 3772 su·

650 3801 780 3912 premi
798 3799 911 3884 nullo
929 3797 1429 3915 fignoaspedtabilinotati
1457 3797 1548 3887 situs
1579 3803 1785 3892 incertus,
1815 3823 1900 3886 tarn

648 3918 807 4000 Montis
820 3913 936 4028 ipsius
965 3917 1221 4006 distantiam,
1252 3945 1369 4029 quam
1383 3915 1657 4006 Altitudinem
1671 3913 1763 4002 latis
1782 3945 1896 4004 accu-

532 4111 535 4118 .
643 4031 1011 4124 rastedeterminari
1026 4035 1299 4148 prohibebat.
1735 4045 1738 4051 '
1826 4147 1862 4232 Τ

1856 4177 1895 4232 a·

692 4279 709 4320 ι
730 4266 1059 4347 hettesnamont·
1331 4287 1350 4334 a
1371 4272 1662 4352 tortesmanse,
