4178 5748
659 567 809 650 m8·
1002 547 1560 635 OPUSCULUM

649 669 891 761 cumbebat,
919 693 1081 778 quoque
1111 669 1357 751 circumacto
1384 665 1496 750 stella
1527 663 1677 748 vertici
1705 663 1838 750 vicina
1864 665 1914 748 ad

649 787 763 873 silum
790 783 896 871 Tubi
939 786 1159 868 Horizonti
1183 778 1420 897 parallelum
1458 777 1654 895 paulatim
1692 781 1916 866 adduceba-

647 927 715 990 tur
732 959 742 992 ,
760 899 871 984 illinc
886 900 1056 1012 geminae
1071 900 1157 985 aliae
1174 900 1211 980 ei
1226 893 1351 1009 plano
1372 894 1746 1012 perpendiculares,
1772 899 1915 1011 quibus

583 1065 587 1074 ·
646 1018 709 1106 vel
726 1021 945 1132 promotis,
964 1016 1028 1100 vel
1043 1017 1246 1106 retractis,
1266 1020 1406 1100 sertor
1419 1019 1462 1100 in
1477 1009 1553 1100 fitu
1572 1014 1755 1099 verticali
1772 1018 1914 1101 statue·

646 1139 792 1224 batur,
822 1132 934 1247 quod
947 1155 1036 1220 tum
1052 1135 1215 1220 demum
1228 1129 1551 1246 agnoscebatur,
1575 1159 1667 1216 cum
1682 1130 1795 1216 filum
1820 1158 1913 1245 per·

649 1251 908 1372 pendiculare
926 1251 1096 1339 limbum
1117 1249 1307 1336 radebat.
1339 1253 1403 1334 Ne
1429 1271 1563 1336 autem
1581 1248 1628 1332 ad
1657 1245 1812 1335 easdem
1826 1276 1918 1363 par·

651 1396 710 1457 tes
724 1369 774 1454 ad
788 1395 884 1480 quas
902 1397 975 1484 per
985 1369 1055 1455 has
1071 1370 1170 1455 duas
1183 1364 1369 1454 cochleas
1384 1369 1653 1457 trudebatur,
1674 1369 1813 1452 Sedhor
1829 1397 1918 1452 mo·

648 1487 734 1577 veri
764 1481 919 1600 posset,
952 1487 1131 1573 totidem
1150 1483 1399 1598 ponderibus
1430 1488 1672 1582 cavebatur,
1706 1511 1794 1596 quae
1825 1513 1918 1570 eum
1995 1541 1998 1548 -

651 1602 835 1690 cochleas
870 1598 999 1688 versus
1026 1621 1287 1694 revocarent,
1322 1595 1632 1714 efficerentque,
1663 1623 1711 1692 ut
1740 1603 1915 1716 iisquo·

652 1718 877 1806 dammodo
904 1720 1169 1828 immobiliter
1193 1720 1445 1805 incumberet
1473 1785 1482 1804 .
1511 1717 1639 1805 Facile
1666 1746 1794 1830 porro
1820 1747 1918 1834 prae-

654 1841 812 1924 stabant
838 1833 985 1922 eaedem
1013 1834 1215 1924 cochleae,
1246 1857 1292 1918 ut
1307 1839 1477 1922 tenoris
1505 1833 1670 1950 planum
1693 1833 1919 1950 complano

655 1951 873 2045 Meridianl
887 1974 1128 2068 congrueret
1146 2017 1155 2036 .
1187 1951 1345 2036 Etenim
1360 1949 1388 2038 fi
1403 1950 1609 2038 tantillum
1623 1951 1832 2037 abeodem
1848 1952 1917 2037 de·

656 2070 810 2162 clinare
832 2067 1224 2182 deprehenderetur,
1256 2069 1519 2184 inpromptu
1545 2089 1634 2154 erat
1659 2068 1835 2154 alteram¹
1852 2095 1917 2154 ea·

657 2203 775 2278 rum,
800 2205 926 2299 prout
940 2182 1026 2270 usus
1049 2183 1295 2298 postularet,
1329 2185 1395 2272 vel
1426 2185 1735 2300 promovendo,
1769 2183 1833 2270 vel
1855 2213 1916 2270 re·

661 2301 857 2389 trahendo
890 2299 1074 2388 debitum
1090 2304 1289 2387 continuo
1317 2298 1434 2386 litum
1448 2299 1640 2415 adipisci.
1670 2307 1917 2388 Duxeramus

659 2416 833 2506 adhunc
859 2415 979 2500 finem
992 2418 1034 2498 in
1056 2419 1295 2532 pavimento
1320 2416 1465 2502 lineam
1485 2415 1723 2514 'Merldiauac
1751 2417 1919 2532 paralle-

666 2533 777 2623 lum,
802 2560 888 2645 quae
913 2535 1170 2646 communem
1187 2531 1300 2618 Plani
1327 2538 1499 2622 Settoris
1523 2538 1563 2618 in
1577 2537 1804 2620 Meridiano
1818 2561 1918 2622 con·

661 2651 821 2739 stituti,
850 2675 895 2732 ac
922 2651 1142 2763 pavimenti
1169 2647 1386 2740 senionem
1398 2654 1698 2765 repraesentaret
1715 2711 1728 2745 ,
1746 2680 1793 2738 ac
1811 2652 1922 2737 dein·

661 2767 712 2852 de
728 2764 851 2852 oculo
880 2767 922 2847 in
947 2766 1090 2853 eodem
1120 2762 1245 2880 plano
1262 2765 1423 2877 pofito,
1453 2767 1569 2854 facile
1585 2771 1921 2882 quantulamcum-

659 2913 737 2998 que
753 2887 802 2970 ab
814 2881 958 2974 eodem
970 2881 1284 2976 declinationem
1304 2883 1610 2998 agnoscebamus
1627 2952 1636 2972 .

959 3115 1500 3210 ARTICULUS
1561 3123 1627 3206 ΙΙ.

1024 3355 1082 3446 De
1095 3355 1279 3445 Errorum
1294 3359 1522 3454 Corredione
1540 3422 1549 3447 .

458 3605 650 3700 aquemu-
673 3605 708 3686 ς.
840 3585 1068 3673 Otilsrmum
1084 3588 1141 3675 est
1157 3585 1246 3674 fieri
1264 3618 1347 3676 non
1375 3592 1482 3706 posse
1508 3613 1555 3678 ut
1578 3594 1623 3676 in
1645 3593 1917 3686 instrumentis

434 3687 638 3838 ffiifflliiii
855 3731 972 3790 manu
985 3704 1204 3792 elaboratis
1214 3736 1328 3795 error
1341 3709 1472 3798 nullus
1493 3711 1747 3807 admittatur,
1763 3710 1917 3804 tametsi

438 3841 515 3895 eut·
668 3823 701 3906 ii
716 3823 925 3934 perexigui
943 3820 1015 3906 else
1032 3817 1211 3912 soleant,
1242 3828 1313 3912 ubi
1327 3827 1376 3912 ad
1405 3823 1597 3914 summam
1624 3857 1759 3919 curam
1774 3823 1917 3919 Artifi-

519 4002 525 4018 χ
667 3941 724 4024 cis
743 3943 955 4024 diuturnus
970 3935 1057 4024 uhu
1087 3939 1313 4029 accesserit.
1345 3944 1541 4032 ldautem
1568 3973 1619 4031 eo
1649 3953 1775 4064 magis
1791 3954 1832 4034 in
1857 3947 1919 4029 In·

668 4056 896 4142 strumentis
921 4055 1061 4140 nostris
1086 4061 1432 4155 cavendumerat,
1466 4065 1576 4179 quod
1591 4090 1638 4150 ut
1662 4063 1839 4186 superius
1857 4061 1918 4144 di-

670 4177 780 4258 dlunr
795 4172 874 4260 est,
901 4171 970 4284 qul
994 4173 1051 4256 eis
1067 4170 1302 4264 fabricandis
1322 4208 1488 4292 operam
1511 4187 1713 4277 navabat,
1739 4185 1919 4271 nondum

670 4285 709 4370 se
722 4291 762 4372 in
777 4289 855 4373 hoc
867 4319 1008 4403 genere
1033 4290 1290 4384 exercuisset.
1320 4300 1564 4414 Corrigendi
1580 4303 1716 4418 itaque
1729 4327 1844 4390 eraut
1858 4323 1919 4387 er·

668 4429 781 4490 rores
808 4425 890 4490 tam
915 4410 1115 4500 Sedtoris,
1143 4439 1263 4525 quam
1300 4417 1545 4539 Qradrantit
1573 4475 1585 4508 ,
1625 4422 1694 4534 qui
1721 4449 1773 4507 ex
1797 4439 1919 4534 prava

668 4519 872 4636 utriusque
899 4523 1093 4612 divisrone
1129 4526 1435 4618 enascebantur.
1463 4538 1525 4619 Ac
1555 4540 1688 4648 primo
1725 4539 1916 4648 quidem,

668 4639 780 4752 quod
792 4641 840 4724 ad
860 4645 1064 4730 Sedtorem
1080 4649 1252 4740 attinet,
1274 4647 1366 4736 satis
1381 4647 1509 4738 suisset
1523 4657 1572 4740 ad
1591 4683 1673 4740 rem
1687 4651 1920 4772 praesentena

586 4839 590 4846 .
669 4783 805 4868 partes
834 4760 1034 4876 aliquotas
1072 4771 1201 4854 totius
1227 4767 1492 4883 longitudinis
1516 4773 1694 4880 ejusdem
1721 4771 1920 4864 stellarum

1794 4891 1928 4986 obser·
