4178 5748
533 669 1077 758 PRIMUNL·
1378 699 1433 778 77

138 815 140 820 ·
182 827 186 834 ·
245 807 342 884 142,
372 780 567 876 Postridie
581 761 662 894 ejds
677 787 755 872 diei
771 783 1152 900 Nuceriamregrelli
1165 785 1319 882 sumus,
1345 812 1431 878 tum
1475 825 1677 886 ortamno,

5 899 6 904 Ν
182 906 368 988 Romana
400 903 466 985 via
494 902 743 1018 Fulginium,
770 931 815 988 ac
843 900 1038 990 Perusiam
1054 894 1191 989 {Inde
1218 907 1352 992 statim
1381 907 1433 992 se·
1450 899 1679 1038 inm-‘'lihiima

177 1022 320 1132 quenti
332 1019 398 1103 die
416 1021 458 1100 in
473 1045 648 1107 montem
661 1050 752 1106 cum
765 1022 982 1132 quadrante
996 1023 1265 1134 perreximus,
1287 1026 1431 1137 &qui-
1451 1003 1603 1130 ,limam
1634 1009 1681 1107 ’„.

182 1137 275 1218 dem
290 1131 427 1221 sereno
445 1138 547 1221 caelo
579 1134 875 1224 ohservationes
891 1137 1025 1249 plures
1051 1140 1277 1250 peregimus
1288 1137 1432 1242 illico,
1454 1157 1507 1191 “¹¹⁰
1530 1135 1640 1264 ⁰3¹}ssss

182 1247 250 1334 sed
270 1247 641 1368 frustraCarpegnae
656 1277 834 1340 montem
848 1252 1001 1338 indicio
1018 1258 1168 1366 tugurii
1185 1257 1323 1366 ,quod
1338 1260 1434 1342 ami·
1452 1231 1674 1358 liil'ciimn

183 1394 252 1451 cus
281 1369 434 1455 adeam
464 1373 570 1454 diem
595 1371 896 1485 spoponderat,
922 1367 1165 1482 quaesivimus
1194 1368 1438 1486 telescopio-
1455 1371 1617 1442 ludim·

182 1487 271 1568 rum
285 1515 364 1599 ope
382 1552 390 1568 .
426 1483 630 1598 Nusquam
648 1491 826 1599 tugurii,
854 1511 924 1572 aut
939 1485 1100 1572 alterius
1130 1485 1226 1599 ligni
1242 1490 1282 1570 in
1300 1511 1437 1575 monte

181 1604 601 1704 extentis-indicium,
634 1626 804 1688 necerat
825 1661 836 1690 ,
862 1607 930 1715 qui
946 1599 1075 1800 ipsum
1089 1607 1308 1716 Carpegnae
1324 1633 1440 1692 mon-

183 1739 272 1799 tem
288 1747 309 1800 e
324 1721 494 1803 Rusticis
514 1714 723 1804 nobiscum
756 1721 930 1805 advectis
971 1720 1047 1802 atis
1064 1718 1310 1806 ostenderet.
1327 1789 1329 1794 .
1346 1723 1441 1806 Erat

167 1857 169 1860 ’
189 1854 325 1916 autem
338 1833 572 1948 conspicuus
588 1839 620 1920 is
633 1895 643 1927 ,
657 1841 777 1947 quem
791 1840 978 1922 Montem
999 1834 1178 1920 amana
1192 1859 1440 1948 nuncupant,

183 1945 354 2032 Tiferno
383 1954 589 2062 proximus
615 1981 708 2038 cum
736 1952 846 2034 edita
873 1951 1013 2038 turri,
1042 1977 1162 2062 quem
1192 1979 1283 2036 cum
1307 1953 1443 2064 aliquo
1522 1946 1526 1956 ’

183 2061 267 2148 alio
282 2087 438 2159 monte,
457 2071 500 2152 ἃ
514 2073 653 2154 Catria
668 2094 818 2152 novum
835 2062 1079 2180 triangulum
1094 2065 1336 2153 constituere
1359 2064 1448 2179 pos·

181 2177 222 2262 se
252 2184 466 2273 arbitrati,
497 2186 580 2289 ejus
601 2183 843 2295 posrtionem
859 2183 1233 2273 determinavimus,
1265 2185 1309 2268 &
1326 2189 1449 2268 Peru·

182 2290 278 2378 stam
295 2297 451 2412 regressi
470 2295 628 2384 sumus.
658 2303 762 2384 Cum
776 2330 827 2384 eo
852 2297 916 2384 die
941 2297 1139 2405 ejusmodi
1165 2301 1216 2384 ab
1231 2301 1364 2389 amico
1379 2298 1451 2386 lit·

185 2413 345 2498 teraead
357 2445 419 2500 me
432 2413 698 2508 deferuntur,
726 2417 870 2528 quibus
884 2411 1164 2530 fignificabat,
1190 2414 1450 2502 necessarium

180 2536 354 2615 omnino
368 2531 440 2616 else
453 2531 594 2620 nostris
622 2535 749 2619 usibus
775 2537 995 2646 Carpegnae
1020 2554 1232 2620 montem,
1262 2527 1453 2618 seautem

177 2673 203 2726 a
220 2641 333 2756 liguo
363 2647 560 2764 erigendo
588 2653 638 2736 ab
662 2645 868 2734 Hetruscis
899 2644 1097 2732 militibus
1125 2647 1317 2762 impediri
1337 2700 1365 2743 ‚·
1382 2653 1453 2762 qui

176 2759 521 2852 Caesarisnomine
537 2761 810 2876 superioribus
836 2765 945 2849 annis
975 2769 1198 2876 Carpegnae
1213 2764 1374 2855 vicum,
1407 2769 1452 2850 δι

178 2877 385 2968 Scavolini
413 2911 589 2996 pagum,
619 2911 712 2966 cum
739 2907 885 2992 magna
908 2880 1060 2966 montis
1078 2903 1194 2992 parte
1224 2906 1450 2992 occupave-

178 3021 302 3088 rant,
334 3001 378 3082 &
395 2997 443 3082 de
467 2995 609 3085 finibus
637 2997 969 3088 contendebant,
993 3023 1124 3108 prope
1139 3023 1239 3106 quos
1254 2994 1294 3079 id
1313 2992 1444 3107 ipsum

177 3105 457 3224 fignumerigi
480 3118 705 3224 oportebat
725 3171 736 3202 ‚
762 3139 864 3222 opus
880 3137 999 3193 omne
1013 3110 1302 3218 prohibentes,
1334 3108 1445 3194 nulla

180 3223 256 3337 spe
272 3226 540 3312 dimovendia
571 3221 784 3339 propofito
802 3224 1012 3314 homines,
1039 3227 1184 3335 quibus
1203 3223 1442 3312 litterariam

175 3367 277 3424 eam
303 3341 406 3434 esse,
433 3369 514 3428 non
549 3341 766 3430 militarem
808 3339 1110 3455 expeditionem
1148 3342 1440 3456 necquidquam

179 3459 439 3548 ostenderat.

246 3605 340 3688 143.
373 3581 425 3664 Iis
439 3575 587 3666 litteris
613 3583 792 3696 acceptis
818 3582 980 3666 concidi
1007 3587 1168 3672 animo,
1197 3578 1296 3665 nihil
1324 3581 1433 3664 enim
1525 3661 1572 3716 ff
1619 3675 1659 3710 m

181 3693 230 3776 ad
250 3716 315 3778 me
330 3721 502 3807 unquam
518 3696 568 3782 de
580 3699 763 3806 stationis
775 3695 865 3782 sede
889 3700 930 3782 in
943 3699 1065 3784 dubia
1090 3697 1245 3786 ditione
1261 3694 1438 3807 deligen·
1455 3671 1681 3798 {ffiffi'dss'ssrsm}

181 3809 233 3892 da
257 3807 569 3925 perscripserat,
598 3817 708 3922 cujus
722 3818 779 3897 rei
796 3809 823 3896 si
843 3809 1107 3928 suspicionem
1122 3808 1337 3899 habuissem
1367 3808 1436 3895 ali·
1454 3841 1506 3878 rum
1520 3821 1613 3952 ,arquis
1629 3835 1677 3871 '⁶¹¹-

178 3953 331 4036 quam,
361 3925 478 4012 facile
508 3925 637 4015 fuisset
667 3934 837 4016 omnino
862 3929 1136 4022 obstaculum,
1164 3927 1275 4043 qnod
1292 3926 1434 4014 deinde
1455 3902 1614 4036 33ἶρῗῖ
1638 3911 1680 3950 ““

147 4065 153 4073 ·
183 4041 429 4130 summotum
455 4043 534 4135 est,
552 4075 772 4160 praecavere
796 4051 1015 4156 maturius.
1046 4048 1241 4132 Videbam
1268 4066 1432 4132 autent,

182 4158 272 4245 tum
295 4163 458 4273 quidem
470 4191 545 4245 nec
573 4166 631 4247 ita
650 4160 765 4250 facile
782 4220 794 4254 ,
825 4192 897 4248 nec
913 4167 1093 4251 itabrevi
1110 4155 1200 4250 rem¹
1222 4187 1435 4249 omemex·

182 4274 325 4386 plicari
351 4279 482 4393 pollis.
508 4283 681 4366 Litteras
726 4275 1021 4394 perscribendas
1046 4279 1120 4366 else
1158 4279 1318 4394 plures,
1346 4303 1435 4398 quae

184 4389 279 4476 dum
309 4399 481 4485 abeunt,
507 4401 552 4482 δι
584 4398 783 4488 redeunt,
810 4394 1048 4482 adventante
1079 4399 1247 4512 hyeme,
1277 4395 1438 4482 omnem

183 4503 447 4598 mensurarum
486 4515 684 4598 rationem
725 4517 929 4600 turbatum
960 4515 1036 4596 iri.
1069 4509 1251 4600 Consrlio
1287 4534 1438 4622 capto,

181 4651 268 4735 quo
281 4653 431 4737 quanto
446 4634 640 4716 maturius
654 4627 740 4714 fieri
757 4629 911 4743 pollet,
944 4629 1231 4718 summoverem
1258 4630 1440 4712 obstacu-

184 4737 294 4835 lum,
328 4743 693 4832 intereaTifernum
721 4747 1045 4858 cumquadrante
1062 4741 1360 4860 procedendum
1377 4769 1440 4823 ar·

180 4859 324 4946 bitrati
352 4859 509 4954 sumus,
542 4884 586 4948 ut
611 4862 861 4955 videremus,
893 4893 941 4948 an
972 4859 1055 4972 ipse
1085 4867 1303 4973 Carpegnae
1322 4885 1436 4946 mons

1292 4998 1437 5088 praete·
