<?xml version="1.0" encoding="UTF-8"?>
<!DOCTYPE html PUBLIC "-//W3C//DTD XHTML 1.0 Transitional//EN"
    "http://www.w3.org/TR/xhtml1/DTD/xhtml1-transitional.dtd">
<html xmlns="http://www.w3.org/1999/xhtml" xml:lang="en" lang="en">
 <head>
  <title>
</title>
<meta http-equiv="Content-Type" content="text/html;charset=utf-8" />
  <meta name='ocr-system' content='tesseract 3.04.00' />
  <meta name='ocr-capabilities' content='ocr_page ocr_carea ocr_par ocr_line ocrx_word'/>
</head>
<body>
  <div class='ocr_page' id='page_1' title='image "./delitterariaexp00boscgoog_0266.png"; bbox 0 0 4156 5752; ppageno 0'>
   <div class='ocr_carea' id='block_1_1' title="bbox 148 591 1662 4218">
    <p class='ocr_par' dir='ltr' id='par_1_1' title="bbox 150 591 1423 3046">
     <span class='ocr_line' id='line_1_1' title="bbox 453 591 1418 718; baseline 0.011 -43"><span class='ocrx_word' id='word_1_1' title='bbox 453 591 1109 718; x_wconf 69' lang='lat' dir='ltr'>QUARTUM.</span> <span class='ocrx_word' id='word_1_2' title='bbox 1331 624 1418 710; x_wconf 74' lang='lat'>239</span> 
     </span>
     <span class='ocr_line' id='line_1_2' title="bbox 161 709 1420 822; baseline 0.004 -25"><span class='ocrx_word' id='word_1_3' title='bbox 161 741 254 800; x_wconf 81' lang='lat' dir='ltr'>curn</span> <span class='ocrx_word' id='word_1_4' title='bbox 271 713 534 822; x_wconf 66' lang='lat' dir='ltr'>rumpam,</span> <span class='ocrx_word' id='word_1_5' title='bbox 564 711 787 796; x_wconf 61' lang='lat' dir='ltr'>&amp;viridia</span> <span class='ocrx_word' id='word_1_6' title='bbox 817 710 972 798; x_wconf 78' lang='lat' dir='ltr'><strong>Deinde</strong></span> <span class='ocrx_word' id='word_1_7' title='bbox 999 709 1029 796; x_wconf 81' lang='lat' dir='ltr'>st</span> <span class='ocrx_word' id='word_1_8' title='bbox 1055 715 1207 798; x_wconf 81' lang='lat' dir='ltr'>vitrum</span> <span class='ocrx_word' id='word_1_9' title='bbox 1233 739 1420 802; x_wconf 75' lang='lat' dir='ltr'>accurate</span> 
     </span>
     <span class='ocr_line' id='line_1_3' title="bbox 158 825 1420 920; baseline 0.002 -4"><span class='ocrx_word' id='word_1_10' title='bbox 158 852 383 917; x_wconf 80' lang='lat' dir='ltr'>oenttatutn</span> <span class='ocrx_word' id='word_1_11' title='bbox 394 825 472 920; x_wconf 81' lang='lat' dir='ltr'>stt,</span> <span class='ocrx_word' id='word_1_12' title='bbox 498 825 699 916; x_wconf 80' lang='lat' dir='ltr'>&amp;oculus</span> <span class='ocrx_word' id='word_1_13' title='bbox 728 828 956 915; x_wconf 80' lang='lat' dir='ltr'><strong>collocetur</strong></span> <span class='ocrx_word' id='word_1_14' title='bbox 983 833 1024 913; x_wconf 91' lang='lat' dir='ltr'>iu</span> <span class='ocrx_word' id='word_1_15' title='bbox 1053 837 1163 916; x_wconf 63' lang='lat' dir='ltr'>reota</span> <span class='ocrx_word' id='word_1_16' title='bbox 1195 829 1420 920; x_wconf 83' lang='lat' dir='ltr'>transeunte</span> 
     </span>
     <span class='ocr_line' id='line_1_4' title="bbox 156 941 1422 1062; baseline 0.002 -30"><span class='ocrx_word' id='word_1_17' title='bbox 156 945 569 1062; x_wconf 70' lang='lat' dir='ltr'>perintersedtionern</span> <span class='ocrx_word' id='word_1_18' title='bbox 597 941 787 1036; x_wconf 83' lang='lat' dir='ltr'>filorum,</span> <span class='ocrx_word' id='word_1_19' title='bbox 816 947 1049 1034; x_wconf 83' lang='lat' dir='ltr'>&amp;medium</span> <span class='ocrx_word' id='word_1_20' title='bbox 1074 973 1273 1061; x_wconf 85' lang='lat' dir='ltr'>aperturae</span> <span class='ocrx_word' id='word_1_21' title='bbox 1304 946 1422 1034; x_wconf 79' lang='lat' dir='ltr'>lentis</span> 
     </span>
     <span class='ocr_line' id='line_1_5' title="bbox 159 1061 1421 1181; baseline -0.001 -30"><span class='ocrx_word' id='word_1_22' title='bbox 159 1067 407 1174; x_wconf 65' lang='lat' dir='ltr'>objectiva,</span> <span class='ocrx_word' id='word_1_23' title='bbox 434 1061 928 1181; x_wconf 74' lang='lat' dir='ltr'>pot-quodtrauseatrjus</span> <span class='ocrx_word' id='word_1_24' title='bbox 941 1065 1176 1154; x_wconf 80' lang='lat' dir='ltr'>axirverus.</span> <span class='ocrx_word' id='word_1_25' title='bbox 1202 1065 1334 1150; x_wconf 86' lang='lat' dir='ltr'>nullus</span> <span class='ocrx_word' id='word_1_26' title='bbox 1364 1095 1421 1153; x_wconf 81' lang='lat' dir='ltr'>er·</span> 
     </span>
     <span class='ocr_line' id='line_1_6' title="bbox 154 1178 1423 1294; baseline 0.002 -28"><span class='ocrx_word' id='word_1_27' title='bbox 154 1211 222 1268; x_wconf 88' lang='lat' dir='ltr'>ror</span> <span class='ocrx_word' id='word_1_28' title='bbox 239 1186 283 1266; x_wconf 91' lang='lat' dir='ltr'>in</span> <span class='ocrx_word' id='word_1_29' title='bbox 304 1183 721 1270; x_wconf 83' lang='lat' dir='ltr'>nollroinllturnento</span> <span class='ocrx_word' id='word_1_30' title='bbox 742 1183 874 1268; x_wconf 80' lang='lat' dir='ltr'>timeri</span> <span class='ocrx_word' id='word_1_31' title='bbox 887 1181 1045 1294; x_wconf 76' lang='lat' dir='ltr'>potest,</span> <span class='ocrx_word' id='word_1_32' title='bbox 1078 1181 1173 1268; x_wconf 86' lang='lat' dir='ltr'>licet</span> <span class='ocrx_word' id='word_1_33' title='bbox 1198 1185 1323 1268; x_wconf 86' lang='lat' dir='ltr'>etiam</span> <span class='ocrx_word' id='word_1_34' title='bbox 1354 1178 1423 1268; x_wconf 83' lang='lat' dir='ltr'>fila</span> 
     </span>
     <span class='ocr_line' id='line_1_7' title="bbox 155 1295 1421 1414; baseline 0.005 -35"><span class='ocrx_word' id='word_1_35' title='bbox 155 1323 240 1387; x_wconf 91' lang='lat' dir='ltr'>non</span> <span class='ocrx_word' id='word_1_36' title='bbox 254 1296 331 1382; x_wconf 84' lang='lat' dir='ltr'>fint</span> <span class='ocrx_word' id='word_1_37' title='bbox 343 1302 385 1381; x_wconf 90' lang='lat' dir='ltr'>in</span> <span class='ocrx_word' id='word_1_38' title='bbox 397 1297 486 1414; x_wconf 86' lang='lat' dir='ltr'>iplo</span> <span class='ocrx_word' id='word_1_39' title='bbox 502 1299 599 1386; x_wconf 84' lang='lat' dir='ltr'>foco</span> <span class='ocrx_word' id='word_1_40' title='bbox 615 1295 733 1384; x_wconf 85' lang='lat' dir='ltr'>lentis</span> <span class='ocrx_word' id='word_1_41' title='bbox 748 1299 981 1406; x_wconf 76' lang='lat' dir='ltr'>objettivae.</span> <span class='ocrx_word' id='word_1_42' title='bbox 1002 1301 1049 1382; x_wconf 93' lang='lat' dir='ltr'>In</span> <span class='ocrx_word' id='word_1_43' title='bbox 1069 1298 1147 1386; x_wconf 85' lang='lat' dir='ltr'>hoc</span> <span class='ocrx_word' id='word_1_44' title='bbox 1161 1301 1268 1386; x_wconf 77' lang='lat' dir='ltr'>enim</span> <span class='ocrx_word' id='word_1_45' title='bbox 1285 1301 1421 1386; x_wconf 83' lang='lat' dir='ltr'>nostro</span> 
     </span>
     <span class='ocr_line' id='line_1_8' title="bbox 163 1413 1417 1532; baseline 0.005 -36"><span class='ocrx_word' id='word_1_46' title='bbox 163 1413 431 1503; x_wconf 84' lang='lat' dir='ltr'>instrumento</span> <span class='ocrx_word' id='word_1_47' title='bbox 446 1415 601 1502; x_wconf 90' lang='lat' dir='ltr'>nullum</span> <span class='ocrx_word' id='word_1_48' title='bbox 617 1416 804 1502; x_wconf 75' lang='lat' dir='ltr'>habemur</span> <span class='ocrx_word' id='word_1_49' title='bbox 817 1413 978 1500; x_wconf 84' lang='lat' dir='ltr'>filorum</span> <span class='ocrx_word' id='word_1_50' title='bbox 995 1437 1180 1504; x_wconf 84' lang='lat' dir='ltr'>motum,</span> <span class='ocrx_word' id='word_1_51' title='bbox 1207 1420 1277 1530; x_wconf 89' lang='lat' dir='ltr'>qui</span> <span class='ocrx_word' id='word_1_52' title='bbox 1296 1445 1417 1532; x_wconf 77' lang='lat' dir='ltr'>angu-</span> 
     </span>
     <span class='ocr_line' id='line_1_9' title="bbox 156 1531 1417 1646; baseline 0.003 -32"><span class='ocrx_word' id='word_1_53' title='bbox 156 1531 217 1618; x_wconf 84' lang='lat' dir='ltr'>lor</span> <span class='ocrx_word' id='word_1_54' title='bbox 231 1538 452 1627; x_wconf 84' lang='lat' dir='ltr'>metiatur,</span> <span class='ocrx_word' id='word_1_55' title='bbox 482 1534 593 1646; x_wconf 90' lang='lat' dir='ltr'>quod</span> <span class='ocrx_word' id='word_1_56' title='bbox 610 1531 751 1620; x_wconf 86' lang='lat' dir='ltr'>itidem</span> <span class='ocrx_word' id='word_1_57' title='bbox 765 1533 843 1618; x_wconf 83' lang='lat' dir='ltr'>hoc</span> <span class='ocrx_word' id='word_1_58' title='bbox 870 1532 997 1618; x_wconf 88' lang='lat' dir='ltr'>nostri</span> <span class='ocrx_word' id='word_1_59' title='bbox 1013 1533 1265 1620; x_wconf 79' lang='lat' dir='ltr'>instrumenti</span> <span class='ocrx_word' id='word_1_60' title='bbox 1296 1561 1417 1646; x_wconf 80' lang='lat' dir='ltr'>genus</span> 
     </span>
     <span class='ocr_line' id='line_1_10' title="bbox 153 1644 1420 1764; baseline 0.002 -32"><span class='ocrx_word' id='word_1_61' title='bbox 153 1648 290 1733; x_wconf 83' lang='lat' dir='ltr'>reddit</span> <span class='ocrx_word' id='word_1_62' title='bbox 306 1649 438 1737; x_wconf 91' lang='lat' dir='ltr'>multo</span> <span class='ocrx_word' id='word_1_63' title='bbox 452 1650 724 1764; x_wconf 75' lang='lat' dir='ltr'>praestantius,</span> <span class='ocrx_word' id='word_1_64' title='bbox 757 1645 824 1733; x_wconf 86' lang='lat' dir='ltr'>sed</span> <span class='ocrx_word' id='word_1_65' title='bbox 839 1644 971 1734; x_wconf 85' lang='lat' dir='ltr'>solum</span> <span class='ocrx_word' id='word_1_66' title='bbox 994 1651 1211 1764; x_wconf 80' lang='lat' dir='ltr'>requiritur</span> <span class='ocrx_word' id='word_1_67' title='bbox 1229 1649 1298 1736; x_wconf 87' lang='lat' dir='ltr'>ille</span> <span class='ocrx_word' id='word_1_68' title='bbox 1328 1649 1420 1734; x_wconf 90' lang='lat' dir='ltr'>uni·</span> 
     </span>
     <span class='ocr_line' id='line_1_11' title="bbox 152 1762 1422 1882; baseline 0.004 -35"><span class='ocrx_word' id='word_1_69' title='bbox 152 1791 225 1850; x_wconf 81' lang='lat' dir='ltr'>cut</span> <span class='ocrx_word' id='word_1_70' title='bbox 243 1793 384 1879; x_wconf 77' lang='lat' dir='ltr'>‚quem</span> <span class='ocrx_word' id='word_1_71' title='bbox 414 1765 530 1881; x_wconf 87' lang='lat' dir='ltr'>supra</span> <span class='ocrx_word' id='word_1_72' title='bbox 546 1763 726 1852; x_wconf 72' lang='lat' dir='ltr'>diximus</span> <span class='ocrx_word' id='word_1_73' title='bbox 758 1762 969 1881; x_wconf 85' lang='lat' dir='ltr'>telescopii</span> <span class='ocrx_word' id='word_1_74' title='bbox 1005 1765 1147 1860; x_wconf 71' lang='lat' dir='ltr'>mem,</span> <span class='ocrx_word' id='word_1_75' title='bbox 1173 1769 1221 1852; x_wconf 75' lang='grc' dir='ltr'>δε</span> <span class='ocrx_word' id='word_1_76' title='bbox 1244 1765 1422 1882; x_wconf 80' lang='lat' dir='ltr'>appella-</span> 
     </span>
     <span class='ocr_line' id='line_1_12' title="bbox 153 1879 1420 1998; baseline 0.003 -34"><span class='ocrx_word' id='word_1_77' title='bbox 153 1901 224 1964; x_wconf 90' lang='lat' dir='ltr'>tur</span> <span class='ocrx_word' id='word_1_78' title='bbox 250 1884 374 1966; x_wconf 84' lang='lat' dir='ltr'>otiam</span> <span class='ocrx_word' id='word_1_79' title='bbox 402 1883 507 1968; x_wconf 86' lang='lat' dir='ltr'>linea</span> <span class='ocrx_word' id='word_1_80' title='bbox 539 1879 727 1974; x_wconf 81' lang='lat' dir='ltr'>fiducia,</span> <span class='ocrx_word' id='word_1_81' title='bbox 752 1883 822 1997; x_wconf 90' lang='lat' dir='ltr'>qui</span> <span class='ocrx_word' id='word_1_82' title='bbox 838 1887 985 1998; x_wconf 54' lang='lat' dir='ltr'>testam</span> <span class='ocrx_word' id='word_1_83' title='bbox 1006 1883 1194 1971; x_wconf 79' lang='lat' dir='ltr'>exhibeat</span> <span class='ocrx_word' id='word_1_84' title='bbox 1225 1887 1277 1970; x_wconf 82' lang='lat' dir='ltr'>ab</span> <span class='ocrx_word' id='word_1_85' title='bbox 1293 1887 1420 1968; x_wconf 83' lang='lat' dir='ltr'>inter·</span> 
     </span>
     <span class='ocr_line' id='line_1_13' title="bbox 152 1994 1417 2105; baseline 0.009 -26"><span class='ocrx_word' id='word_1_86' title='bbox 152 1994 332 2084; x_wconf 66' lang='lat' dir='ltr'>sectione</span> <span class='ocrx_word' id='word_1_87' title='bbox 345 1999 507 2086; x_wconf 86' lang='lat' dir='ltr'>filorum</span> <span class='ocrx_word' id='word_1_88' title='bbox 526 1999 760 2086; x_wconf 85' lang='lat' dir='ltr'>tendentem</span> <span class='ocrx_word' id='word_1_89' title='bbox 785 1999 836 2083; x_wconf 84' lang='lat' dir='ltr'>ad</span> <span class='ocrx_word' id='word_1_90' title='bbox 849 1999 1078 2105; x_wconf 71' lang='lat' dir='ltr'>objectum.</span> <span class='ocrx_word' id='word_1_91' title='bbox 1107 2002 1242 2088; x_wconf 85' lang='lat' dir='ltr'>Potest</span> <span class='ocrx_word' id='word_1_92' title='bbox 1265 2023 1417 2090; x_wconf 67' lang='lat' dir='ltr'>autem,</span> 
     </span>
     <span class='ocr_line' id='line_1_14' title="bbox 151 2114 1420 2231; baseline 0.003 -33"><span class='ocrx_word' id='word_1_93' title='bbox 151 2135 201 2199; x_wconf 90' lang='lat' dir='ltr'>ut</span> <span class='ocrx_word' id='word_1_94' title='bbox 228 2143 330 2200; x_wconf 83' lang='lat' dir='ltr'>mox</span> <span class='ocrx_word' id='word_1_95' title='bbox 358 2115 534 2201; x_wconf 81' lang='lat' dir='ltr'>dicemus</span> <span class='ocrx_word' id='word_1_96' title='bbox 579 2119 621 2196; x_wconf 91' lang='lat' dir='ltr'>in</span> <span class='ocrx_word' id='word_1_97' title='bbox 639 2117 928 2206; x_wconf 83' lang='lat' dir='ltr'>instrumento,</span> <span class='ocrx_word' id='word_1_98' title='bbox 959 2116 1072 2231; x_wconf 88' lang='lat' dir='ltr'>quod</span> <span class='ocrx_word' id='word_1_99' title='bbox 1097 2117 1188 2202; x_wconf 90' lang='lat' dir='ltr'>huic</span> <span class='ocrx_word' id='word_1_100' title='bbox 1218 2117 1356 2204; x_wconf 86' lang='lat' dir='ltr'>nostro</span> <span class='ocrx_word' id='word_1_101' title='bbox 1373 2114 1420 2202; x_wconf 87' lang='lat' dir='ltr'>sr-</span> 
     </span>
     <span class='ocr_line' id='line_1_15' title="bbox 152 2230 1416 2346; baseline 0.002 -32"><span class='ocrx_word' id='word_1_102' title='bbox 152 2230 253 2314; x_wconf 88' lang='lat' dir='ltr'>mile</span> <span class='ocrx_word' id='word_1_103' title='bbox 273 2230 321 2314; x_wconf 86' lang='lat' dir='ltr'>fit</span> <span class='ocrx_word' id='word_1_104' title='bbox 338 2289 350 2324; x_wconf 93' lang='lat'>‚</span> <span class='ocrx_word' id='word_1_105' title='bbox 379 2231 597 2346; x_wconf 85' lang='lat' dir='ltr'>cognosci,</span> <span class='ocrx_word' id='word_1_106' title='bbox 630 2236 675 2318; x_wconf 85' lang='lat'>&amp;</span> <span class='ocrx_word' id='word_1_107' title='bbox 688 2232 906 2318; x_wconf 77' lang='lat' dir='ltr'>admodum</span> <span class='ocrx_word' id='word_1_108' title='bbox 923 2255 1105 2318; x_wconf 87' lang='lat' dir='ltr'>accurate</span> <span class='ocrx_word' id='word_1_109' title='bbox 1121 2293 1133 2326; x_wconf 87' lang='lat'><em>,</em></span> <span class='ocrx_word' id='word_1_110' title='bbox 1149 2240 1344 2340; x_wconf 68' lang='lat' dir='ltr'>pundtum</span> <span class='ocrx_word' id='word_1_111' title='bbox 1367 2231 1416 2316; x_wconf 91' lang='lat' dir='ltr'>il-</span> 
     </span>
     <span class='ocr_line' id='line_1_16' title="bbox 153 2343 1419 2462; baseline 0.008 -34"><span class='ocrx_word' id='word_1_112' title='bbox 153 2343 229 2433; x_wconf 88' lang='lat' dir='ltr'>lud</span> <span class='ocrx_word' id='word_1_113' title='bbox 245 2403 257 2436; x_wconf 82' lang='lat'>‚</span> <span class='ocrx_word' id='word_1_114' title='bbox 272 2373 347 2460; x_wconf 86' lang='lat' dir='ltr'>per</span> <span class='ocrx_word' id='word_1_115' title='bbox 365 2351 477 2462; x_wconf 88' lang='lat' dir='ltr'>quod</span> <span class='ocrx_word' id='word_1_116' title='bbox 495 2345 632 2438; x_wconf 85' lang='lat' dir='ltr'>tranfit</span> <span class='ocrx_word' id='word_1_117' title='bbox 648 2377 766 2434; x_wconf 82' lang='lat' dir='ltr'>verua</span> <span class='ocrx_word' id='word_1_118' title='bbox 777 2350 859 2436; x_wconf 83' lang='lat' dir='ltr'>axis</span> <span class='ocrx_word' id='word_1_119' title='bbox 872 2346 991 2436; x_wconf 85' lang='lat' dir='ltr'>lentis</span> <span class='ocrx_word' id='word_1_120' title='bbox 1005 2351 1218 2457; x_wconf 59' lang='lat' dir='ltr'>objectiva</span> <span class='ocrx_word' id='word_1_121' title='bbox 1231 2410 1245 2444; x_wconf 89' lang='lat'><em>,</em></span> <span class='ocrx_word' id='word_1_122' title='bbox 1260 2355 1306 2438; x_wconf 75' lang='grc' dir='ltr'>δε</span> <span class='ocrx_word' id='word_1_123' title='bbox 1318 2377 1419 2438; x_wconf 92' lang='lat' dir='ltr'>ocu·</span> 
     </span>
     <span class='ocr_line' id='line_1_17' title="bbox 152 2458 1418 2582; baseline 0.006 -38"><span class='ocrx_word' id='word_1_124' title='bbox 152 2458 217 2550; x_wconf 82' lang='lat' dir='ltr'>lua</span> <span class='ocrx_word' id='word_1_125' title='bbox 233 2461 487 2554; x_wconf 82' lang='lat' dir='ltr'>collocariin</span> <span class='ocrx_word' id='word_1_126' title='bbox 501 2473 609 2554; x_wconf 61' lang='lat' dir='ltr'>reda</span> <span class='ocrx_word' id='word_1_127' title='bbox 624 2465 894 2579; x_wconf 77' lang='lat' dir='ltr'>‚quae&#39;traosrt</span> <span class='ocrx_word' id='word_1_128' title='bbox 907 2467 1036 2582; x_wconf 82' lang='lat' dir='ltr'>perid</span> <span class='ocrx_word' id='word_1_129' title='bbox 1054 2471 1247 2582; x_wconf 73' lang='lat' dir='ltr'>pundturn</span> <span class='ocrx_word' id='word_1_130' title='bbox 1264 2523 1278 2558; x_wconf 60' lang='lat' dir='ltr'>r</span> <span class='ocrx_word' id='word_1_131' title='bbox 1294 2471 1340 2555; x_wconf 83' lang='grc' dir='ltr'>δι</span> <span class='ocrx_word' id='word_1_132' title='bbox 1355 2468 1418 2552; x_wconf 90' lang='lat' dir='ltr'>in·</span> 
     </span>
     <span class='ocr_line' id='line_1_18' title="bbox 153 2579 1417 2698; baseline 0.009 -32"><span class='ocrx_word' id='word_1_133' title='bbox 153 2579 441 2668; x_wconf 75' lang='lat' dir='ltr'>tersedtionem</span> <span class='ocrx_word' id='word_1_134' title='bbox 453 2582 649 2675; x_wconf 84' lang='lat' dir='ltr'>filorum,</span> <span class='ocrx_word' id='word_1_135' title='bbox 678 2585 873 2698; x_wconf 86' lang='lat' dir='ltr'>cumpost</span> <span class='ocrx_word' id='word_1_136' title='bbox 904 2585 1166 2670; x_wconf 87' lang='lat' dir='ltr'>constitutum</span> <span class='ocrx_word' id='word_1_137' title='bbox 1192 2580 1339 2677; x_wconf 76' lang='lat' dir='ltr'>ficum,</span> <span class='ocrx_word' id='word_1_138' title='bbox 1371 2591 1417 2676; x_wconf 73' lang='lat' dir='ltr'>dc</span> 
     </span>
     <span class='ocr_line' id='line_1_19' title="bbox 153 2696 1418 2813; baseline 0.006 -33"><span class='ocrx_word' id='word_1_139' title='bbox 153 2696 279 2784; x_wconf 77' lang='lat' dir='ltr'>lrn&#39;tla</span> <span class='ocrx_word' id='word_1_140' title='bbox 291 2702 503 2810; x_wconf 74' lang='lat' dir='ltr'>objettivae</span> <span class='ocrx_word' id='word_1_141' title='bbox 520 2707 593 2804; x_wconf 55' lang='grc' dir='ltr'>,ἃ</span> <span class='ocrx_word' id='word_1_142' title='bbox 607 2699 770 2788; x_wconf 86' lang='lat' dir='ltr'>filorum</span> <span class='ocrx_word' id='word_1_143' title='bbox 785 2755 796 2788; x_wconf 84' lang='lat'><strong>.</strong></span> <span class='ocrx_word' id='word_1_144' title='bbox 811 2701 931 2813; x_wconf 80' lang='lat' dir='ltr'>polltt</span> <span class='ocrx_word' id='word_1_145' title='bbox 948 2699 1030 2786; x_wconf 83' lang='lat' dir='ltr'>lens</span> <span class='ocrx_word' id='word_1_146' title='bbox 1044 2698 1216 2786; x_wconf 83' lang='lat' dir='ltr'>ocularis</span> <span class='ocrx_word' id='word_1_147' title='bbox 1234 2757 1246 2791; x_wconf 80' lang='lat'><em>‚</em></span> <span class='ocrx_word' id='word_1_148' title='bbox 1262 2706 1307 2788; x_wconf 89' lang='lat'>&amp;</span> <span class='ocrx_word' id='word_1_149' title='bbox 1320 2699 1418 2788; x_wconf 90' lang='lat' dir='ltr'>ulti-</span> 
     </span>
     <span class='ocr_line' id='line_1_20' title="bbox 150 2814 1418 2930; baseline 0.006 -30"><span class='ocrx_word' id='word_1_150' title='bbox 150 2835 265 2901; x_wconf 83' lang='lat' dir='ltr'>mum</span> <span class='ocrx_word' id='word_1_151' title='bbox 296 2821 379 2926; x_wconf 81' lang='lat' dir='ltr'>ejus</span> <span class='ocrx_word' id='word_1_152' title='bbox 398 2816 578 2907; x_wconf 87' lang='lat' dir='ltr'>foramen</span> <span class='ocrx_word' id='word_1_153' title='bbox 607 2816 732 2914; x_wconf 89' lang='lat' dir='ltr'>oculo</span> <span class='ocrx_word' id='word_1_154' title='bbox 759 2816 1042 2930; x_wconf 81' lang='lat' dir='ltr'>applicandum</span> <span class='ocrx_word' id='word_1_155' title='bbox 1065 2814 1297 2909; x_wconf 80' lang='lat' dir='ltr'>collocari,</span> <span class='ocrx_word' id='word_1_156' title='bbox 1328 2820 1418 2906; x_wconf 82' lang='lat' dir='ltr'>ubl·</span> 
     </span>
     <span class='ocr_line' id='line_1_21' title="bbox 150 2931 830 3046; baseline 0 -28"><span class='ocrx_word' id='word_1_157' title='bbox 150 2961 328 3046; x_wconf 84' lang='lat' dir='ltr'>cumque</span> <span class='ocrx_word' id='word_1_158' title='bbox 343 2934 498 3030; x_wconf 88' lang='lat' dir='ltr'>libeat,</span> <span class='ocrx_word' id='word_1_159' title='bbox 525 2936 705 3022; x_wconf 82' lang='lat' dir='ltr'>immotis</span> <span class='ocrx_word' id='word_1_160' title='bbox 721 2931 801 3018; x_wconf 89' lang='lat' dir='ltr'>illis</span> <span class='ocrx_word' id='word_1_161' title='bbox 821 2997 830 3018; x_wconf 91' lang='lat'><strong>.</strong></span> 
     </span>
    </p>

    <p class='ocr_par' dir='ltr' id='par_1_2' title="bbox 148 3049 1662 3867">
     <span class='ocr_line' id='line_1_22' title="bbox 221 3049 1662 3154; baseline 0.005 -21"><span class='ocrx_word' id='word_1_162' title='bbox 221 3078 308 3134; x_wconf 88' lang='lat'>101.</span> <span class='ocrx_word' id='word_1_163' title='bbox 341 3057 538 3137; x_wconf 78' lang='lat' dir='ltr'>Praeterea</span> <span class='ocrx_word' id='word_1_164' title='bbox 555 3054 797 3140; x_wconf 84' lang='lat' dir='ltr'>monendum</span> <span class='ocrx_word' id='word_1_165' title='bbox 820 3049 917 3134; x_wconf 88' lang='lat' dir='ltr'>mihi</span> <span class='ocrx_word' id='word_1_166' title='bbox 944 3051 1000 3137; x_wconf 87' lang='lat' dir='ltr'>est</span> <span class='ocrx_word' id='word_1_167' title='bbox 1024 3050 1181 3138; x_wconf 83' lang='lat' dir='ltr'>&amp;illud</span> <span class='ocrx_word' id='word_1_168' title='bbox 1196 3055 1418 3150; x_wconf 76' lang='lat' dir='ltr'>‚Mairium</span> <span class='ocrx_word' id='word_1_169' title='bbox 1434 3095 1662 3154; x_wconf 55' lang='lat' dir='ltr'>marm-r..</span> 
     </span>
     <span class='ocr_line' id='line_1_23' title="bbox 150 3165 1661 3280; baseline 0.005 -30"><span class='ocrx_word' id='word_1_170' title='bbox 150 3169 199 3250; x_wconf 73' lang='grc' dir='ltr'>δι</span> <span class='ocrx_word' id='word_1_171' title='bbox 215 3193 403 3276; x_wconf 81' lang='lat' dir='ltr'>meaeque</span> <span class='ocrx_word' id='word_1_172' title='bbox 417 3167 573 3279; x_wconf 80' lang='lat' dir='ltr'>prorsus</span> <span class='ocrx_word' id='word_1_173' title='bbox 592 3195 760 3280; x_wconf 78' lang='lat' dir='ltr'>myopes</span> <span class='ocrx_word' id='word_1_174' title='bbox 773 3165 846 3255; x_wconf 79' lang='lat' dir='ltr'>ello</span> <span class='ocrx_word' id='word_1_175' title='bbox 861 3222 872 3257; x_wconf 84' lang='grc'><strong>,</strong></span> <span class='ocrx_word' id='word_1_176' title='bbox 888 3171 932 3252; x_wconf 76' lang='grc' dir='ltr'>δι</span> <span class='ocrx_word' id='word_1_177' title='bbox 946 3167 1086 3279; x_wconf 76' lang='lat' dir='ltr'>aequali</span> <span class='ocrx_word' id='word_1_178' title='bbox 1100 3166 1262 3280; x_wconf 83' lang='lat' dir='ltr'>prorsus</span> <span class='ocrx_word' id='word_1_179' title='bbox 1276 3170 1418 3258; x_wconf 84' lang='lat' dir='ltr'>oculo·</span> <span class='ocrx_word' id='word_1_180' title='bbox 1430 3175 1483 3226; x_wconf 69' lang='lat'>³⁰¹</span> <span class='ocrx_word' id='word_1_181' title='bbox 1500 3189 1568 3244; x_wconf 59' lang='lat' dir='ltr'>‘ql‘</span> <span class='ocrx_word' id='word_1_182' title='bbox 1588 3193 1661 3266; x_wconf 55' lang='grc' dir='ltr'>Ψ</span> 
     </span>
     <span class='ocr_line' id='line_1_24' title="bbox 149 3253 1661 3404; baseline 0.009 -42"><span class='ocrx_word' id='word_1_183' title='bbox 149 3309 245 3362; x_wconf 90' lang='lat' dir='ltr'>rum</span> <span class='ocrx_word' id='word_1_184' title='bbox 270 3282 587 3374; x_wconf 85' lang='lat' dir='ltr'>constitutione,</span> <span class='ocrx_word' id='word_1_185' title='bbox 613 3306 661 3368; x_wconf 93' lang='lat' dir='ltr'>ut</span> <span class='ocrx_word' id='word_1_186' title='bbox 674 3284 830 3369; x_wconf 87' lang='lat' dir='ltr'>idcirco</span> <span class='ocrx_word' id='word_1_187' title='bbox 849 3281 961 3368; x_wconf 86' lang='lat' dir='ltr'>focus</span> <span class='ocrx_word' id='word_1_188' title='bbox 978 3283 1097 3370; x_wconf 86' lang='lat' dir='ltr'>lentis</span> <span class='ocrx_word' id='word_1_189' title='bbox 1127 3283 1299 3373; x_wconf 82' lang='lat' dir='ltr'>ocularis</span> <span class='ocrx_word' id='word_1_190' title='bbox 1315 3293 1416 3374; x_wconf 86' lang='lat' dir='ltr'>utri·</span> <span class='ocrx_word' id='word_1_191' title='bbox 1430 3253 1661 3404; x_wconf 52' lang='lat' dir='ltr'>liiiml&#39;iillffi</span> 
     </span>
     <span class='ocr_line' id='line_1_25' title="bbox 148 3393 1585 3514; baseline 0.01 -34"><span class='ocrx_word' id='word_1_192' title='bbox 148 3423 232 3512; x_wconf 82' lang='lat' dir='ltr'>que</span> <span class='ocrx_word' id='word_1_193' title='bbox 250 3395 357 3482; x_wconf 87' lang='lat' dir='ltr'>idern</span> <span class='ocrx_word' id='word_1_194' title='bbox 376 3393 497 3484; x_wconf 78' lang='lat' dir='ltr'>luerit</span> <span class='ocrx_word' id='word_1_195' title='bbox 513 3397 693 3513; x_wconf 62' lang='lat' dir='ltr'>sumptu</span> <span class='ocrx_word' id='word_1_196' title='bbox 721 3427 767 3485; x_wconf 86' lang='lat' dir='ltr'>ac</span> <span class='ocrx_word' id='word_1_197' title='bbox 781 3401 953 3514; x_wconf 79' lang='lat' dir='ltr'>proinde</span> <span class='ocrx_word' id='word_1_198' title='bbox 972 3399 1046 3486; x_wconf 94' lang='lat' dir='ltr'>illo</span> <span class='ocrx_word' id='word_1_199' title='bbox 1060 3433 1132 3490; x_wconf 85' lang='lat' dir='ltr'>nos</span> <span class='ocrx_word' id='word_1_200' title='bbox 1152 3406 1412 3493; x_wconf 87' lang='lat' dir='ltr'>incommodo</span> <span class='ocrx_word' id='word_1_201' title='bbox 1430 3411 1585 3466; x_wconf 51' lang='grc' dir='ltr'>ΟΜΝ·</span> 
     </span>
     <span class='ocr_line' id='line_1_26' title="bbox 149 3509 1415 3633; baseline 0.006 -33"><span class='ocrx_word' id='word_1_202' title='bbox 149 3509 343 3606; x_wconf 76' lang='lat' dir='ltr'>caraille,</span> <span class='ocrx_word' id='word_1_203' title='bbox 369 3543 453 3629; x_wconf 90' lang='lat' dir='ltr'>quo</span> <span class='ocrx_word' id='word_1_204' title='bbox 480 3517 798 3609; x_wconf 62' lang='lat' dir='ltr'>Condidimus,</span> <span class='ocrx_word' id='word_1_205' title='bbox 833 3521 878 3607; x_wconf 77' lang='grc' dir='ltr'>δι</span> <span class='ocrx_word' id='word_1_206' title='bbox 910 3519 1157 3633; x_wconf 85' lang='lat' dir='ltr'>Bouguerius</span> <span class='ocrx_word' id='word_1_207' title='bbox 1181 3519 1415 3608; x_wconf 84' lang='lat' dir='ltr'>laborarunt</span> 
     </span>
     <span class='ocr_line' id='line_1_27' title="bbox 149 3630 1414 3744; baseline 0.008 -29"><span class='ocrx_word' id='word_1_208' title='bbox 149 3633 207 3716; x_wconf 89' lang='lat' dir='ltr'>ob</span> <span class='ocrx_word' id='word_1_209' title='bbox 222 3630 456 3744; x_wconf 84' lang='lat' dir='ltr'>oppofitum</span> <span class='ocrx_word' id='word_1_210' title='bbox 469 3634 682 3723; x_wconf 88' lang='lat' dir='ltr'>oculorum</span> <span class='ocrx_word' id='word_1_211' title='bbox 694 3636 905 3728; x_wconf 75' lang='lat' dir='ltr'>vitiamur</span> <span class='ocrx_word' id='word_1_212' title='bbox 919 3635 1076 3722; x_wconf 81' lang='lat' dir='ltr'>idcirco</span> <span class='ocrx_word' id='word_1_213' title='bbox 1094 3637 1240 3724; x_wconf 85' lang='lat' dir='ltr'>eodem</span> <span class='ocrx_word' id='word_1_214' title='bbox 1252 3639 1317 3725; x_wconf 86' lang='lat' dir='ltr'>die</span> <span class='ocrx_word' id='word_1_215' title='bbox 1330 3668 1414 3724; x_wconf 88' lang='lat' dir='ltr'>arn·</span> 
     </span>
     <span class='ocr_line' id='line_1_28' title="bbox 148 3746 1411 3867; baseline 0.008 -35"><span class='ocrx_word' id='word_1_216' title='bbox 148 3749 207 3832; x_wconf 90' lang='lat' dir='ltr'>bo</span> <span class='ocrx_word' id='word_1_217' title='bbox 236 3746 336 3833; x_wconf 85' lang='lat' dir='ltr'>alius</span> <span class='ocrx_word' id='word_1_218' title='bbox 351 3751 580 3864; x_wconf 87' lang='lat' dir='ltr'>postalium</span> <span class='ocrx_word' id='word_1_219' title='bbox 605 3750 773 3838; x_wconf 86' lang='lat' dir='ltr'>eandem</span> <span class='ocrx_word' id='word_1_220' title='bbox 786 3749 936 3838; x_wconf 78' lang='lat' dir='ltr'>stellam</span> <span class='ocrx_word' id='word_1_221' title='bbox 966 3750 1411 3867; x_wconf 80' lang='lat' dir='ltr'>observarepoffemns.</span> 
     </span>
    </p>

    <p class='ocr_par' dir='ltr' id='par_1_3' title="bbox 148 3861 1418 4218">
     <span class='ocr_line' id='line_1_29' title="bbox 152 3861 1418 3986; baseline 0.003 -34"><span class='ocrx_word' id='word_1_222' title='bbox 152 3861 324 3952; x_wconf 83' lang='lat' dir='ltr'>Porrosr</span> <span class='ocrx_word' id='word_1_223' title='bbox 340 3865 409 3952; x_wconf 85' lang='lat' dir='ltr'>fila</span> <span class='ocrx_word' id='word_1_224' title='bbox 436 3865 566 3986; x_wconf 83' lang='lat' dir='ltr'>posrta</span> <span class='ocrx_word' id='word_1_225' title='bbox 580 3867 654 3954; x_wconf 85' lang='lat' dir='ltr'>lint</span> <span class='ocrx_word' id='word_1_226' title='bbox 667 3868 797 3962; x_wconf 85' lang='lat' dir='ltr'>citra,</span> <span class='ocrx_word' id='word_1_227' title='bbox 830 3867 894 3952; x_wconf 85' lang='lat' dir='ltr'>vel</span> <span class='ocrx_word' id='word_1_228' title='bbox 910 3867 1018 3955; x_wconf 84' lang='lat' dir='ltr'>ultra</span> <span class='ocrx_word' id='word_1_229' title='bbox 1030 3898 1122 3954; x_wconf 87' lang='lat' dir='ltr'>eum</span> <span class='ocrx_word' id='word_1_230' title='bbox 1142 3868 1280 3957; x_wconf 84' lang='lat' dir='ltr'>locum</span> <span class='ocrx_word' id='word_1_231' title='bbox 1303 3875 1418 3980; x_wconf 86' lang='lat' dir='ltr'>obje-</span> 
     </span>
     <span class='ocr_line' id='line_1_30' title="bbox 148 3980 1417 4101; baseline 0.009 -38"><span class='ocrx_word' id='word_1_232' title='bbox 148 3983 267 4070; x_wconf 69' lang='lat' dir='ltr'>&amp;ivae</span> <span class='ocrx_word' id='word_1_233' title='bbox 298 3981 442 4078; x_wconf 85' lang='lat' dir='ltr'>lentis,</span> <span class='ocrx_word' id='word_1_234' title='bbox 473 4017 591 4100; x_wconf 88' lang='lat' dir='ltr'>aquo</span> <span class='ocrx_word' id='word_1_235' title='bbox 606 3983 752 4101; x_wconf 82' lang='lat' dir='ltr'>pendet</span> <span class='ocrx_word' id='word_1_236' title='bbox 767 3989 939 4072; x_wconf 83' lang='lat' dir='ltr'>maxima</span> <span class='ocrx_word' id='word_1_237' title='bbox 965 3980 1134 4072; x_wconf 73' lang='lat' dir='ltr'>denfins&#39;</span> <span class='ocrx_word' id='word_1_238' title='bbox 1147 3987 1351 4075; x_wconf 90' lang='lat' dir='ltr'>radiorum</span> <span class='ocrx_word' id='word_1_239' title='bbox 1373 3992 1417 4074; x_wconf 93' lang='lat' dir='ltr'>in</span> 
     </span>
     <span class='ocr_line' id='line_1_31' title="bbox 152 4099 1415 4218; baseline 0.007 -36"><span class='ocrx_word' id='word_1_240' title='bbox 152 4101 311 4186; x_wconf 83' lang='lat' dir='ltr'>macula</span> <span class='ocrx_word' id='word_1_241' title='bbox 338 4101 483 4194; x_wconf 74' lang='lat' dir='ltr'>effedta</span> <span class='ocrx_word' id='word_1_242' title='bbox 508 4108 548 4190; x_wconf 90' lang='lat' dir='ltr'>in</span> <span class='ocrx_word' id='word_1_243' title='bbox 568 4100 677 4190; x_wconf 83' lang='lat' dir='ltr'>oculi</span> <span class='ocrx_word' id='word_1_244' title='bbox 696 4099 821 4188; x_wconf 84' lang='lat' dir='ltr'>fundo</span> <span class='ocrx_word' id='word_1_245' title='bbox 846 4134 868 4188; x_wconf 86' lang='lat' dir='ltr'>a</span> <span class='ocrx_word' id='word_1_246' title='bbox 894 4099 1052 4189; x_wconf 85' lang='lat' dir='ltr'>diversa</span> <span class='ocrx_word' id='word_1_247' title='bbox 1077 4101 1415 4218; x_wconf 84' lang='lat' dir='ltr'>refrangibilitate</span> 
     </span>
    </p>
   </div>
   <div class='ocr_carea' id='block_1_2' title="bbox 9 4213 1419 4807">
    <p class='ocr_par' dir='ltr' id='par_1_4' title="bbox 9 4213 1419 4807">
     <span class='ocr_line' id='line_1_32' title="bbox 9 4213 1418 4338; baseline 0.007 -38"><span class='ocrx_word' id='word_1_248' title='bbox 9 4303 10 4308; x_wconf 0' lang='lat' dir='ltr'>a</span> <span class='ocrx_word' id='word_1_249' title='bbox 156 4213 388 4307; x_wconf 80' lang='lat' dir='ltr'>radiorum,</span> <span class='ocrx_word' id='word_1_250' title='bbox 416 4227 460 4308; x_wconf 72' lang='grc' dir='ltr'>δι</span> <span class='ocrx_word' id='word_1_251' title='bbox 475 4217 612 4336; x_wconf 81' lang='lat' dir='ltr'>figurae</span> <span class='ocrx_word' id='word_1_252' title='bbox 638 4219 834 4338; x_wconf 81' lang='lat' dir='ltr'>sphaericae</span> <span class='ocrx_word' id='word_1_253' title='bbox 850 4224 957 4305; x_wconf 86' lang='lat' dir='ltr'>vitio</span> <span class='ocrx_word' id='word_1_254' title='bbox 973 4247 1056 4302; x_wconf 90' lang='lat' dir='ltr'>non</span> <span class='ocrx_word' id='word_1_255' title='bbox 1076 4249 1214 4307; x_wconf 81' lang='lat' dir='ltr'>omnes</span> <span class='ocrx_word' id='word_1_256' title='bbox 1238 4223 1280 4306; x_wconf 90' lang='lat' dir='ltr'>in</span> <span class='ocrx_word' id='word_1_257' title='bbox 1292 4226 1418 4311; x_wconf 90' lang='lat' dir='ltr'>unico</span> 
     </span>
     <span class='ocr_line' id='line_1_33' title="bbox 9 4332 1419 4454; baseline 0.007 -39"><span class='ocrx_word' id='word_1_258' title='bbox 9 4335 10 4344; x_wconf 68' lang='lat'><em>&#39;</em></span> <span class='ocrx_word' id='word_1_259' title='bbox 153 4337 311 4445; x_wconf 75' lang='lat' dir='ltr'>punr‘to</span> <span class='ocrx_word' id='word_1_260' title='bbox 324 4337 455 4423; x_wconf 82' lang='lat' dir='ltr'>radios</span> <span class='ocrx_word' id='word_1_261' title='bbox 467 4337 697 4454; x_wconf 77' lang='lat' dir='ltr'>colligentia</span> <span class='ocrx_word' id='word_1_262' title='bbox 718 4397 730 4430; x_wconf 89' lang='lat'><strong>,</strong></span> <span class='ocrx_word' id='word_1_263' title='bbox 757 4337 926 4426; x_wconf 86' lang='lat' dir='ltr'>habetur</span> <span class='ocrx_word' id='word_1_264' title='bbox 943 4332 1156 4449; x_wconf 82' lang='lat' dir='ltr'>parallaxir</span> <span class='ocrx_word' id='word_1_265' title='bbox 1177 4339 1329 4446; x_wconf 78' lang='lat' dir='ltr'>objedii</span> <span class='ocrx_word' id='word_1_266' title='bbox 1346 4398 1358 4433; x_wconf 89' lang='lat'><strong>,</strong></span> <span class='ocrx_word' id='word_1_267' title='bbox 1374 4343 1419 4425; x_wconf 80' lang='grc' dir='ltr'>δι</span> 
     </span>
     <span class='ocr_line' id='line_1_34' title="bbox 9 4447 1418 4566; baseline 0.006 -33"><span class='ocrx_word' id='word_1_268' title='bbox 9 4537 11 4548; x_wconf 17' lang='lat' dir='ltr'>y</span> <span class='ocrx_word' id='word_1_269' title='bbox 153 4447 285 4536; x_wconf 78' lang='lat' dir='ltr'>oculo</span> <span class='ocrx_word' id='word_1_270' title='bbox 308 4477 458 4546; x_wconf 88' lang='lat' dir='ltr'>moto.</span> <span class='ocrx_word' id='word_1_271' title='bbox 488 4479 675 4544; x_wconf 86' lang='lat' dir='ltr'>movetur</span> <span class='ocrx_word' id='word_1_272' title='bbox 693 4459 827 4566; x_wconf 81' lang='lat' dir='ltr'>imago</span> <span class='ocrx_word' id='word_1_273' title='bbox 853 4451 1029 4560; x_wconf 87' lang='lat' dir='ltr'>ejusdem</span> <span class='ocrx_word' id='word_1_274' title='bbox 1049 4449 1227 4566; x_wconf 65' lang='lat' dir='ltr'>respectu</span> <span class='ocrx_word' id='word_1_275' title='bbox 1256 4452 1418 4544; x_wconf 87' lang='lat' dir='ltr'>filorum</span> 
     </span>
     <span class='ocr_line' id='line_1_35' title="bbox 9 4569 1418 4688; baseline 0 -28"><span class='ocrx_word' id='word_1_276' title='bbox 9 4571 11 4660; x_wconf 70' lang='lat'><em>†</em></span> <span class='ocrx_word' id='word_1_277' title='bbox 149 4569 192 4650; x_wconf 89' lang='lat' dir='ltr'>in</span> <span class='ocrx_word' id='word_1_278' title='bbox 209 4570 350 4681; x_wconf 89' lang='lat' dir='ltr'>primo</span> <span class='ocrx_word' id='word_1_279' title='bbox 368 4571 460 4659; x_wconf 87' lang='lat' dir='ltr'>calu</span> <span class='ocrx_word' id='word_1_280' title='bbox 477 4579 520 4658; x_wconf 95' lang='lat' dir='ltr'>in</span> <span class='ocrx_word' id='word_1_281' title='bbox 535 4574 699 4660; x_wconf 81' lang='lat' dir='ltr'>eandam</span> <span class='ocrx_word' id='word_1_282' title='bbox 728 4572 890 4688; x_wconf 83' lang='lat' dir='ltr'>plagam</span> <span class='ocrx_word' id='word_1_283' title='bbox 907 4599 997 4658; x_wconf 84' lang='lat' dir='ltr'>curn</span> <span class='ocrx_word' id='word_1_284' title='bbox 1015 4569 1163 4663; x_wconf 89' lang='lat' dir='ltr'>oculo,</span> <span class='ocrx_word' id='word_1_285' title='bbox 1191 4575 1231 4656; x_wconf 90' lang='lat' dir='ltr'>in</span> <span class='ocrx_word' id='word_1_286' title='bbox 1245 4570 1418 4660; x_wconf 84' lang='lat' dir='ltr'>secundo</span> 
     </span>
     <span class='ocr_line' id='line_1_36' title="bbox 9 4684 1417 4807; baseline 0.005 -39"><span class='ocrx_word' id='word_1_287' title='bbox 9 4687 11 4794; x_wconf 56' lang='grc' dir='ltr'><strong><em>ζ</em></strong></span> <span class='ocrx_word' id='word_1_288' title='bbox 154 4687 197 4769; x_wconf 89' lang='lat' dir='ltr'>in</span> <span class='ocrx_word' id='word_1_289' title='bbox 232 4684 394 4803; x_wconf 78' lang='lat' dir='ltr'>plagam</span> <span class='ocrx_word' id='word_1_290' title='bbox 420 4691 674 4807; x_wconf 85' lang='lat' dir='ltr'>opposrtarn;</span> <span class='ocrx_word' id='word_1_291' title='bbox 707 4689 867 4777; x_wconf 83' lang='lat' dir='ltr'>acillud</span> <span class='ocrx_word' id='word_1_292' title='bbox 896 4691 952 4778; x_wconf 87' lang='lat' dir='ltr'>est</span> <span class='ocrx_word' id='word_1_293' title='bbox 975 4694 1180 4804; x_wconf 88' lang='lat' dir='ltr'>optimum</span> <span class='ocrx_word' id='word_1_294' title='bbox 1197 4687 1417 4774; x_wconf 88' lang='lat' dir='ltr'>filorumin</span> 
     </span>
    </p>
   </div>
   <div class='ocr_carea' id='block_1_3' title="bbox 9 4799 1418 5010">
    <p class='ocr_par' dir='ltr' id='par_1_5' title="bbox 9 4799 1418 5010">
     <span class='ocr_line' id='line_1_37' title="bbox 9 4799 1418 5006; baseline -0.001 -115"><span class='ocrx_word' id='word_1_295' title='bbox 9 4895 13 4946; x_wconf 38' lang='grc' dir='ltr'>ι</span> <span class='ocrx_word' id='word_1_296' title='bbox 152 4799 221 4894; x_wconf 81' lang='lat' dir='ltr'>sua</span> <span class='ocrx_word' id='word_1_297' title='bbox 244 4799 334 4896; x_wconf 85' lang='lat' dir='ltr'>sede</span> <span class='ocrx_word' id='word_1_298' title='bbox 363 4807 665 4922; x_wconf 79' lang='lat' dir='ltr'>collocatorum</span> <span class='ocrx_word' id='word_1_299' title='bbox 692 4811 914 4901; x_wconf 86' lang='lat' dir='ltr'>indicium,</span> <span class='ocrx_word' id='word_1_300' title='bbox 947 4808 1058 4923; x_wconf 91' lang='lat' dir='ltr'>quod</span> <span class='ocrx_word' id='word_1_301' title='bbox 1084 4803 1298 4920; x_wconf 82' lang='lat' dir='ltr'>parallaxis</span> <span class='ocrx_word' id='word_1_302' title='bbox 1315 4801 1418 5006; x_wconf 43' lang='lat' dir='ltr'>ejucl:</span> 
     </span>
     <span class='ocr_line' id='line_1_38' title="bbox 829 4951 1413 5010; baseline -0.007 3"><span class='ocrx_word' id='word_1_303' title='bbox 829 4951 831 4954; x_wconf 88' lang='grc'><strong><em>·</em></strong></span> <span class='ocrx_word' id='word_1_304' title='bbox 1298 4951 1367 5010; x_wconf 90' lang='lat' dir='ltr'>mo</span> <span class='ocrx_word' id='word_1_305' title='bbox 1399 4954 1413 5009; x_wconf 89' lang='lat' dir='ltr'>r</span> 
     </span>
    </p>
   </div>
   <div class='ocr_carea' id='block_1_4' title="bbox 0 0 2082 5752">
    <p class='ocr_par' dir='ltr' id='par_1_6' title="bbox 0 0 2082 5752">
     <span class='ocr_line' id='line_1_39' title="bbox 0 0 2082 5752; baseline 0 4"><span class='ocrx_word' id='word_1_306' title='bbox 0 0 2082 5752; x_wconf 95' lang='lat' dir='ltr'> </span> 
     </span>
    </p>
   </div>
  </div>
 </body>
</html>
