4256 5730
614 617 1254 844 ‚hrnnornnnns
1292 713 1657 843 uruourr
1703 717 1756 840 s.
1782 685 1862 856 J.²

807 895 879 979 IN
924 897 1334 979 PROVINCIA
1374 897 1681 978 ROMANA

849 1057 851 1061 ·
919 1013 1197 1098 Pnnnosnos
1229 1015 1559 1124 Pnovrucrrurs
1578 1059 1606 1089 .·

710 1234 792 1310 ΗΜ
807 1237 928 1308 librum
948 1237 1002 1302 cui
1022 1233 1157 1305 Titulus
1173 1244 1245 1304 :Dr
1257 1237 1435 1305 litteraria
1447 1232 1659 1320 inpeditione
1673 1228 1746 1306 istc.
1774 1257 1792 1300 a
1806 1234 1872 1304 Pus.

720 1336 963 1428 Christophoro
981 1331 1117 1412 Matre,
1142 1335 1176 1402 ἀ
1190 1333 1483 1424 Rogtriolosepho
1500 1333 1683 1404 Boleovich
1699 1333 1877 1405 Societatis

608 1443 679 1508 noll
694 1459 738 1508 τε
757 1439 995 1509 Sacerdotibus
1009 1435 1233 1526 conscriptum
1246 1482 1259 1515 ,
1279 1439 1409 1520 ailquot
1421 1433 1564 1524 ejusdem
1578 1435 1754 1505 Societatir
1771 1434 1881 1506 Theo·

610 1541 683 1628 logi
722 1545 981 1626 recognoverint
1000 1583 1023 1635 ,ὓ
1038 1535 1072 1603 dt
1085 1543 1119 1603 in
1140 1541 1248 1604 lucem
1270 1539 1323 1605 edi
1347 1536 1432 1626 polle
1445 1537 1657 1621 probaverint
1678 1578 1689 1606 2
1715 1535 1879 1623 potestate

612 1643 719 1709 nohis
742 1664 766 1709 a
786 1637 833 1707 R.
846 1642 882 1709 P.
900 1635 1037 1716 Aloysto
1054 1637 1261 1706 Centurioni
1275 1635 1453 1725 Praepor‘rro
1464 1633 1624 1703 Generali
1638 1637 1677 1703 ad
1694 1637 1726 1703 id
1742 1640 1876 1721 tradita,

616 1742 817 1811 facultatem
847 1743 1089 1814 concedimus,
1115 1759 1153 1806 ut
1168 1735 1270 1823 Typis
1295 1741 1495 1812 mandetur„
1521 1735 1604 1803 liira
1625 1740 1693 1810 iis,
1718 1739 1757 1806 ad
1786 1759 1871 1821 quos

613 1847 794 1932 pertinet,
825 1842 1019 1910 videbitur.
1048 1837 1090 1906 ln
1120 1860 1265 1923 quorum
1291 1839 1393 1906 fidem
1415 1839 1472 1921 has
1496 1839 1626 1906 litteras
1646 1859 1746 1920 mauu
1768 1840 1876 1908 nostra

614 1941 815 2028 subscriptas
827 1985 839 2018 ,
864 1940 897 2008 dc
926 1939 1029 2028 hgillo
1043 1939 1152 2007 nolito
1176 1941 1321 2006 munitas
1342 1941 1520 2010 dedimus.

621 2115 623 2120 ,
721 2039 838 2114 Romae
861 2044 915 2111 die
943 2061 973 2112 1.
989 2036 1185 2111 Decembris
1203 2059 1246 2128 17
1251 2061 1270 2124 5
1276 2060 1312 2124 ς.

1262 2261 1265 2270 p
1402 2183 1612 2260 Hieronymus
1624 2180 1750 2272 hidulfi
1760 2237 1773 2254 .
1829 2262 1857 2274 ..

720 2535 724 2540 -
841 2435 1650 2575 nur‘uossnr'rours

715 2689 967 2762 Everendiffimi
998 2683 1104 2751 Patris
1118 2679 1265 2768 Magistri
1291 2679 1323 2747 S.
1338 2681 1454 2750 Palatii
1475 2681 1559 2772 jullu
1582 2684 1648 2770 legi
1672 2685 1864 2760 Volument

724 2803 772 2861 Dr
785 2792 966 2860 litteraria
982 2783 1194 2871 Expeditione
1202 2799 1265 2869 per
1282 2779 1486 2862 Pontificiam
1498 2783 1650 2852 ditionem
1662 2833 1673 2860 ‚
1686 2811 1755 2875 quo
1770 2795 1872 2875 quin·

617 2919 686 2983 que
719 2893 887 2980 Opusrula
913 2891 1155 2962 continentum
1182 2887 1216 2948 in
1230 2886 1460 2984 quihussnihil
1483 2885 1614 2972 prorsus
1640 2892 1866 2977 deprehendi,

615 3000 709 3083 quod
727 2997 778 3062 vel
792 2993 1002 3061 Orthodoxae
1015 2984 1106 3054 Fidei
1131 3006 1319 3073 repugnet,
1343 2986 1394 3056 vel
1420 2989 1516 3054 bonis
1541 2989 1687 3055 moribus
1718 2991 1872 3061 adverse·

612 3117 673 3166 tur
688 3147 695 3164 .
714 3097 935 3165 Vehementer
948 3091 1084 3162 omnia,
1102 3089 1181 3154 dum
1194 3087 1334 3174 legerem
1350 3131 1362 3163 ,
1376 3089 1456 3154 mihi
1470 3088 1693 3174 probabantur
1708 3144 1716 3159 .
1733 3093 1868 3161 Summa

612 3203 652 3265 in
668 3197 810 3266 se'cundo
824 3191 995 3278 Opusculo
1017 3189 1308 3254 astronomicarum
1322 3195 1436 3256 rerum
1457 3192 1598 3274 peritia,
1624 3189 1660 3256 &
1676 3197 1712 3260 in
1733 3193 1869 3262 calculis

613 3299 780 3366 ineundis,
796 3285 1089 3380 persequendisque
1103 3307 1242 3372 magnus
1258 3287 1361 3361 labor,
1377 3285 1413 3351 ἀ
1425 3289 1619 3372 diligentia.
1635 3289 1874 3378 Compendia-

612 3402 697 3468 riam
713 3419 793 3466 vero
811 3390 1082 3478 exponendarum
1106 3409 1241 3455 rerum,
1267 3385 1609 3469 accuratiffimamque·
1620 3392 1783 3458 rationem
1798 3415 1867 3461 nort

615 3496 695 3566 sutis
710 3517 858 3585 poteram
869 3493 1003 3560 laudare
1018 3535 1029 3556 .
1052 3485 1091 3552 ln
1103 3505 1225 3572 quarto
1240 3483 1411 3574 Opusculo
1424 3487 1514 3553 illam
1528 3486 1685 3556 Audieris
1697 3511 1779 3580 puto
1793 3494 1870 3563 lau·

615 3603 691 3668 dem
702 3599 762 3668 else
774 3593 1074 3683 praeeipuam,quod
1086 3587 1387 3656 Instrumentorunr
1402 3585 1543 3655 formans
1558 3589 1869 3675 deseribttmorum·

616 3723 685 3785 que
698 3698 790 3766 ulum
802 3695 1032 3764 commonstret
1049 3691 1236 3758 incredibili
1252 3683 1512 3776 perspicuitates
1539 3711 1576 3756 ac
1601 3693 1696 3786 plura
1708 3697 1869 3766 exhibeat

614 3797 870 3872 ‚Theoremam
895 3814 1041 3881 quorum
1062 3814 1124 3878 ope
1136 3835 1148 3866 ,
1175 3787 1195 3852 sr
1216 3794 1276 3875 qui
1298 3787 1335 3855 in
1358 3788 1657 3862 lnllrumentorum
1677 3793 1738 3863 usu
1760 3801 1869 3867 obre·

617 3899 768 3989 pierius,
795 3897 889 3966 facile
900 3895 1101 3980 deprehendi
1116 3894 1373 3976 ,emendarique
1389 3891 1508 3978 pollirit
1522 3895 1672 3964 errores.
1701 3893 1866 3966 Postremi

617 4005 769 4086 denique
784 3996 944 4086 Opulculi
969 3993 1064 4062 ledlio
1085 3997 1165 4061 mihi
1187 3995 1253 4061 luit
1275 3993 1530 4084 jucundiss'rma.
1558 3998 1646 4086 Qae
1661 4000 1749 4064 eninr
1776 4011 1868 4066 nuuc
1978 4011 1980 4013 ’

613 4107 779 4188 temporis
797 4099 987 4167 Geometrae
1003 4117 1060 4181 per
1073 4097 1233 4184 implexos
1246 4095 1389 4164 calculos
1410 4093 1650 4181 alloquuntur,
1673 4119 1712 4169 ea
1729 4121 1867 4188 magnus

616 4200 802 4269 Geometra
832 4203 949 4268 lineari
957 4242 969 4275 ‚
998 4217 1103 4279 qnam
1123 4219 1275 4274 vocant,
1297 4195 1495 4278 Gepmerria
1513 4195 1591 4276 ulus
1615 4201 1799 4269 admirabili
1817 4198 1869 4266 sa-

616 4303 767 4380 cilirare,
794 4323 953 4388 novoque
978 4297 1074 4385 plane
1101 4303 1210 4367 nitore
1224 4304 1259 4366 in
1273 4302 1380 4368 lucem
1394 4300 1515 4367 extulit
1532 4325 1542 4364 a
1569 4320 1761 4387 tantamque
1775 4323 1871 4388 rept-

612 4405 738 4470 riebanr
755 4411 789 4470 in
799 4404 1134 4473 demonstrationibus
1149 4404 1373 4492 elegantiam,
1389 4421 1428 4468 ut
1452 4399 1699 4488 disciplinarum
1714 4411 1869 4472 omnium

612 4503 817 4574 severillrrnae
841 4502 1048 4571 Geomerriae
1073 4503 1148 4574 suut
1173 4509 1274 4573 etiam
1301 4507 1418 4588 lepos,
1445 4503 1481 4573 ἃ
1496 4505 1648 4576 reuullas
1672 4529 1739 4575 non
1763 4505 1871 4576 detlle

607 4606 807 4679 videretur.
830 4605 954 4694 ltaque
970 4605 1142 4683 Volumeu
1156 4609 1239 4678 illud
1263 4607 1397 4694 publica
1411 4605 1485 4676 luce
1498 4607 1720 4696 dignilbmum
1735 4607 1869 4686 censeo·¹

1265 4704 1406 4778 Michael
1419 4711 1569 4796 Angelus
1582 4713 1795 4782 Giocemrllur

1233 4819 1286 4889 SS·
1298 4822 1340 4889 D·
1356 4815 1415 4915 id,
1425 4817 1632 4908 cappellanus
1650 4825 1799 5012 secretusJ
1810 4863 1856 4986 ,Ε

1159 4935 1168 4948 ·
1802 4939 1823 4984 u
1850 4936 1873 4988 u
