4156 5752
692 551 770 626 168
1033 543 1074 622 O
1103 543 1134 626 P
1162 541 1202 628 U
1231 548 1256 628 S
1284 545 1321 627 C
1348 547 1389 630 U
1416 547 1448 628 L
1475 545 1515 629 U
1543 547 1589 631 M

687 676 912 766 retegeret.
943 657 1081 768 Itaque
1101 655 1256 746 tametsi
1270 661 1502 775 andrunte
1530 658 1720 774 ‘longiori
1739 659 1781 740 in
1797 659 1943 750 Obser-

685 771 912 857 vationibus
941 773 1172 884 peragendis
1201 776 1261 859 uti
1301 776 1466 858 minime
1496 775 1795 862 decrevissemus
1826 835 1839 870 ,
1893 811 1940 870 eo
2064 859 2065 882 2

684 885 794 995 quod
808 885 1100 973 diuturniorem
1112 915 1230 976 eures
1244 892 1437 1001 temporis
1461 910 1613 976 moram
1628 890 1880 1008 postularet,
1897 901 1938 982 dc
2064 895 2065 898 ‘

683 1005 1814 1113 maximampretereatransvehendidifficultatemsecum
1829 1011 1942 1094 affer.
2064 999 2065 1052 ³

684 1143 748 1204 ret
764 1157 774 1209 ‚·
788 1114 1044 1214 metuendum
1061 1144 1194 1204 tamen
1207 1149 1289 1204 non
1304 1143 1390 1203 erat
1407 1179 1418 1210 ‚
1435 1148 1483 1203 ne
1501 1125 1681 1207 breviori
1701 1123 1939 1210 Instrumen·

682 1239 949 1322 toutentibus
965 1240 1074 1326 error
1090 1235 1255 1343 aiicujus
1272 1240 1468 1322 momenti
1483 1241 1699 1348 obreperet
1717 1267 1832 1330 ,cum
1850 1246 1939 1323 uni-

575 1421 581 1430 .
682 1385 755 1445 ca,
788 1375 856 1438 aut
871 1353 918 1434 ad
935 1350 1125 1434 summum
1139 1355 1296 1461 gemina
1310 1346 1588 1436 observatione
1608 1375 1739 1436 totam
1770 1353 1938 1440 ditionis
2064 1427 2065 1430 .

683 1465 869 1556 universae
883 1467 1155 1551 Latitudinem
1169 1465 1385 1578 complesti
1401 1465 1569 1558 liceret,
1600 1495 1679 1578 qua
1695 1469 1822 1576 probe
1838 1469 1935 1554 defi·

681 1591 766 1669 nita
784 1643 795 1674 ,
812 1584 982 1696 pronior
1000 1586 1062 1665 via
1084 1581 1328 1667 sternebatur
1359 1581 1409 1662 ud
1434 1585 1604 1666 Urbium
1637 1583 1935 1686 interjec‘turum

552 1751 556 1759 ι
683 1698 799 1785 situm
813 1722 994 1783 accurate
1007 1697 1270 1787 obtinendum
1287 1759 1294 1775 .
1312 1700 1418 1780 Num
1434 1695 1461 1777 st
1477 1701 1525 1784 ab
1540 1694 1645 1781 hisce
1663 1697 1929 1782 determinan-

681 1815 740 1900 dis
753 1815 944 1928 paulatim
959 1813 1007 1896 ad
1019 1838 1218 1898 extremos
1236 1813 1410 1925 regionis
1443 1809 1590 1896 limites
1604 1812 1771 1926 gradum
1791 1811 1932 1896 secisse·

679 1962 798 2023 mus,
831 1931 965 2014 timeri
977 1927 1162 2040 proseeio
1178 1949 1367 2041 poterat,
1399 1955 1447 2008 ne
1465 1923 1720 2040 srinfinguiis
1751 1931 1929 2040 triangu-

676 2047 724 2131 lis
741 2049 928 2159 exiguum
943 2045 1146 2156 quidpiam
1158 2068 1392 2156 peccaretur
1408 2098 1420 2132 ‚
1437 2042 1548 2134 levis,
1564 2063 1609 2126 ut
1637 2045 1694 2126 itu
1707 2043 1855 2129 dicam,
1872 2046 1929 2128 lu·

677 2163 1289 2278 xstiopurtiumtotumcorpus
1317 2160 1419 2242 haud
1448 2158 1709 2242 mediocriter
1734 2155 1929 2244 deforma·
2064 2157 2065 2172 ἶ

679 2302 766 2365 ret.
795 2277 932 2389 Itaque
960 2281 1163 2362 contraria
1190 2270 1346 2385 prorsus
1381 2277 1445 2360 via
1460 2273 1631 2356 ineunda
1645 2293 1758 2362 erat,
1792 2275 1927 2356 ut'de·

591 2393 599 2401 “
678 2390 873 2508 prehenso
907 2395 1079 2502 primum
1093 2391 1279 2478 locorum
1305 2393 1475 2486 ntanirne
1501 2386 1846 2480 dissitorumsitu‚
1877 2387 1929 2473 vi-

678 2511 1008 2620 cinioruquaeque
1023 2505 1071 2594 ad
1085 2509 1229 2594 horum
1243 2533 1426 2594 normam
1445 2507 1725 2618 exigerentur.

735 2654 775 2712 2.
809 2627 921 2708 Hanc
947 2619 1334 2708 methodum'secuti
1350 2621 1465 2705 sirum
1484 2623 1634 2704 montis
1659 2617 1929 2712 Ascensionis‚

664 2737 1317 2856 dequopauloantedisium'est,
1348 2769 1397 2822 ex
1412 2766 1496 2849 quo
1514 2733 1650 2819 Asculi
1664 2733 1758 2819 fitus
1777 2735 1930 2848 pende·
2011 2753 2013 2756 ’

671 2852 1247 2967 bat2binorutntriangulorum
1261 2849 1462 2937 solutione
1475 2853 1610 2964 adepti
1625 2845 1924 2968 snmutham·

672 3005 792 3090 quam
817 2975 926 3060 enim
947 2967 1291 3058 resiilaunosolo
1319 2965 1472 3052 absolvi
1501 2966 1720 3079 potuisset,
1752 2987 1931 3054 attamen

662 3088 926 3202 illiusanguli
941 3088 1042 3175 male
1073 3085 1242 3170 adhunc
1260 3078 1379 3168 finem
1408 3085 1632 3194 comparati
1650 3079 1829 3169 fuistisne,
1860 3111 1927 3164 ne-

670 3240 747 3324 que
761 3203 837 3289 stne
851 3209 995 3291 erroris
1017 3199 1200 3316 periculo
1213 3203 1421 3308 negotium
1452 3193 1738 3282 confecissent.
1771 3202 1833 3280 Ac
1848 3200 1925 3310 pri·

671 3355 740 3410 mo
754 3321 913 3430 quidem
928 3349 980 3404 ex
994 3319 1205 3404 Montibus
1220 3317 1368 3401 Cetriae
1385 3319 1455 3405 ,ἃ
1478 3319 1608 3396 Luro¹
1637 3318 1924 3400 Cumerimon-

671 3444 723 3528 tis
736 3464 820 3524 tum
836 3435 1061 3518 distantiam
1076 3455 1161 3514 tum
1176 3430 1298 3513 etiem
1313 3431 1499 3542 angulum
1512 3425 1717 3542 pofitionis
1737 3436 1846 3516 nesti
1867 3425 1887 3510 s
1906 3475 1924 3494 ·

670 3589 755 3644 mus
774 3619 783 3648 ‚
816 3585 861 3641 ac
876 3553 1017 3640 deinde
1032 3551 1242 3638 efformata
1253 3575 1302 3632 ex
1317 3548 1395 3629 hoc
1417 3605 1428 3636 ,
1458 3547 1503 3629 &
1518 3549 1658 3628 Cottia
1671 3574 1763 3630 cum
1777 3551 1927 3630 Monte

568 3755 585 3764 -
670 3673 917 3762 Ai'cenfionis
934 3668 1146 3782 triangulo,
1162 3665 1274 3769 hujus
1288 3693 1423 3750 verum
1438 3661 1555 3744 fitum
1569 3663 1842 3747 obtinuimus.
1862 3665 1927 3744 Si·

670 3793 824 3876 militer
837 3793 876 3870 in
890 3782 1263 3874 aliorumMontium
1280 3777 1665 3867 extremum'sabulae
1676 3809 1788 3864 oram
1801 3805 1922 3863 occu·

669 3910 853 4016 pa'ntium
868 3903 941 3989 srtu
955 3899 1201 4015 explorando
1215 3895 1527 3982 sustitatumcst‚
1552 3892 1925 4005 quornmuonnuiii

669 4022 761 4106 sutis
776 4023 902 4134 longo
915 4016 1130 4102 intervallo
1156 4011 1192 4096 se
1211 4012 1443 4128 spedtundos
1475 4013 1689 4096 exhibent.
1725 4009 1919 4121 Exemplo

635 4153 638 4160 '
668 4133 716 4218 srt
748 4166 861 4222 mons
879 4135 1045 4221 Etruriae
1059 4133 1226 4217 Cetonae
1253 4130 1411 4243 oppido
1436 4129 1673 4216 imminens,
1705 4128 1924 4232 cujusacu·

667 4256 857 4339 minatum
872 4250 1065 4364 fastigium
1079 4275 1169 4333 uere
1187 4241 1322 4330 sereno
1339 4247 1387 4329 ab
1400 4240 1520 4354 usque
1533 4239 1852 4326 monteTusculo
1868 4239 1925 4326 su·

667 4367 819 4453 ciilime
833 4363 1104 4480 conspicitur.
1131 4365 1333 4448 Caeterum
1349 4365 1388 4443 in
1405 4381 1517 4446 tanta
1534 4360 1736 4442 montium
1764 4359 1920 4470 copie„-

666 4509 816 4593 paucos
830 4485 1047 4568 admodum
1062 4483 1233 4596 reperire
1262 4479 1317 4563 est
1334 4480 1391 4559 itu
1419 4478 1460 4557 in'
1477 4499 1640 4559 acumen
1672 4475 1921 4562 defluentes,

664 4620 972 4715 utquucumque
999 4625 1049 4681 ex
1069 4619 1184 4712 parte
1213 4593 1467 4709 spectentur.
1501 4590 1608 4676 idern
1636 4587 1694 4682 sui
1724 4593 1922 4704 punctum

660 4723 787 4803 oculis
802 4719 1027 4823 objiciant..
1046 4731 1050 4740 '
1751 4737 1790 4818 3.
1808 4711 1922 4827 Qro·

703 4856 715 4894 ι
730 4845 774 4924 ¹ut.
785 4844 893 4893 Cunero
904 4869 912 4892 .
