4178 5748
661 579 739 660 108
1002 565 1564 664 OPUSCULUM

448 721 572 780 nontin„
586 684 857 800 1‚1...posrtione
883 693 1130 780 mentionem
1160 691 1359 784 fecimus,
1391 697 1532 778 miram
1555 691 1702 804 ubique
1717 695 1921 782 montium

406 893 496 935 silim
505 908 514 932 ι

406 800 471 853 '¹⁰⁰¹
486 800 604 871 Μ’·
621 799 839 915 &ipsorum
857 805 1095 894 strueturam
1109 809 1397 901 animadverti,
1428 839 1516 923 quae
1529 805 1708 919 nuspiam
1725 804 1823 896 alibi
1836 814 1919 898 eui·

506 945 513 955 ¹
656 919 816 1006 dentius
842 944 985 1036 patet,
1018 955 1137 1040 quam
1167 929 1237 1014 ubi
1262 954 1285 1009 a
1314 924 1446 1014 fluviis
1471 922 1760 1008 intersecantur
1791 923 1935 1040 longo»

654 1063 843 1152 aquarum
855 1036 969 1124 cursu
982 1041 1158 1136 rescissa,
1190 1047 1415 1128 &attrita.
1446 1040 1574 1128 Semel
1604 1061 1762 1124 tantum
1777 1041 1818 1124 in
1832 1041 1917 1127 edi·

653 1176 703 1237 to
724 1154 968 1243 locoamari
985 1157 1250 1268 remotissimo
1265 1160 1386 1242 maris
1409 1157 1559 1242 indicia
1573 1160 1732 1269 reperi,
1764 1159 1917 1243 ostreo·

653 1299 743 1354 rum
756 1275 948 1358 nimirum
959 1302 1197 1391 perpetuum
1209 1275 1375 1366 stratum
1386 1271 1617 1360 incredibili
1631 1270 1920 1364 multitudine,

653 1381 725 1472 sub
738 1391 897 1502 oppido
913 1397 1152 1479 Sabinorum
1166 1393 1370 1506 praecipuo
1388 1448 1401 1483 ‚
1417 1390 1529 1506 quod
1543 1389 1693 1474 dicitur
1706 1389 1916 1502 Maglinnr.

653 1501 891 1620 Plerumque
918 1543 940 1597 e
968 1512 1099 1596 stratis
1127 1507 1296 1624 lapideis
1323 1529 1479 1606 montes
1506 1504 1728 1595 constant,
1775 1509 1919 1618 quibus

654 1617 754 1734 saepe
773 1650 885 1709 terrae
911 1627 1031 1712 strata
1044 1628 1314 1732 interjacent,
1345 1619 1598 1710 craffitudine
1626 1621 1847 1708 admodum
1859 1653 1922 1710 va·

654 1740 739 1828 ria,
772 1744 816 1826 dt
833 1740 1082 1828 intervallis.
1116 1746 1169 1826 Ea
1186 1740 1365 1854 pluribus
1376 1743 1419 1824 in
1432 1739 1533 1825 locis
1555 1768 1627 1852 per
1641 1739 1791 1826 montis
1819 1735 1916 1831 dore

651 1851 736 1940 sum
758 1860 966 1943 incurvata
994 1854 1602 1974 sequunturejusdemduc‘ium,
1635 1852 1838 1940 sedetiam
1853 1853 1919 1940 sae-

650 2003 704 2088 pe
718 1974 769 2062 ad
784 1972 909 2091 ipsam
925 1979 1076 2060 montis
1106 1971 1358 2090 superficiem
1374 1979 1533 2066 erecta,
1562 1977 1673 2060 &ab
1696 1975 1779 2078 ejus
1792 1973 1917 2060 douo

654 2088 810 2176 rescilia
827 2094 944 2179 variis
958 2092 1008 2174 ad
1022 2122 1110 2178 eam
1124 2094 1162 2174 iu
1177 2089 1327 2201 angulis
1345 2088 1613 2178 inclinantur,
1644 2092 1688 2174 ὃ(
1700 2084 1794 2174 satis
1813 2088 1919 2172 iudi·

652 2234 748 2294 cunt
763 2263 774 2297 ‚
791 2208 1160 2325 reliquampartem
1176 2207 1399 2296 diffradiam
1413 2203 1629 2292 concidisse
1643 2270 1653 2289 .
1674 2209 1782 2318 Saepe
1794 2208 1918 2292 eriam

652 2324 791 2412 videre
814 2327 869 2412 est
888 2329 981 2411 bina
1006 2327 1127 2412 strata
1144 2326 1315 2409 invicem
1332 2379 1343 2412 ,
1359 2323 1455 2408 dum
1467 2321 1765 2408 collaberentur
1781 2379 1793 2412 ‚
1809 2320 1921 2410 uelut
1948 2407 1954 2426 ,

648 2440 692 2522 in
704 2445 818 2528 cunei
835 2437 1040 2549 cujusdam
1054 2444 1179 2526 aciem
1194 2440 1398 2524 inclinata.
1414 2441 1577 2526 Montes
1591 2437 1738 2522 alicubi
1750 2440 1918 2552 rupibus

651 2558 796 2642 incerti
810 2556 952 2644 durius
967 2553 1044 2642 sese
1059 2558 1281 2644 efferuntin
1295 2552 1450 2644 altum,
1477 2550 1638 2666 figure,
1657 2555 1918 2666 &unguitu-

650 2673 754 2761 dinis
771 2676 912 2762 variae.
945 2675 990 2758 In
1004 2671 1227 2761 Sublacensi
1242 2671 1370 2762 valle,
1393 2671 1489 2754 dum
1500 2669 1744 2784 Tiburpetis
1759 2725 1771 2760 ,
1788 2668 1838 2754 ad
1853 2669 1922 2760 lae·

650 2815 745 2874 vam
761 2787 986 2906 frequentes
1003 2790 1221 2880 admodum
1242 2790 1424 2874 immanis
1438 2786 1725 2900 magnitudinis
1738 2787 1920 2876 eminent

650 2903 835 3021 cuspides
853 2909 894 2989 in
909 2903 1005 2992 coni
1020 2905 1217 2998 sormam,
1239 2935 1404 3019 quarum
1419 2903 1505 2988 aliae
1521 2901 1571 2988 ad
1582 2899 1756 2989 aliarum
1765 2903 1922 2994 radices

649 3021 709 3106 ita
723 3025 858 3129 jacent
875 3079 887 3114 ‚
904 3045 952 3108 ut
967 3081 978 3115 ,
993 3021 1097 3108 unde
1113 3019 1274 3112 divulsae
1287 3019 1566 3110 conciderint,
1584 3015 1702 3102 facile
1717 3015 1934 3133 agnoscas,¹

634 3186 638 3192 ·
652 3139 763 3252 quod
776 3140 941 3253 quidem
957 3137 1027 3225 sub
1045 3139 1115 3226 illa
1128 3137 1379 3227 Mentorellte
1391 3133 1499 3223 sacra
1511 3134 1594 3220 aede
1609 3139 1780 3222 maxime
1791 3139 1918 3228 mani·

653 3255 793 3340 festum
809 3257 888 3344 eli.
919 3257 964 3340 In
983 3256 1206 3343 Sorianensr
1237 3279 1379 3344 monte
1396 3253 1498 3340 illud
1525 3255 1919 3367 miratuscompet't,

651 3371 763 3481 quod
778 3366 969 3484 nusquam
980 3373 1077 3458 alibi
1090 3375 1259 3460 omnino
1274 3374 1375 3466 vidi,
1391 3368 1611 3459 nulliacum
1628 3371 1803 3460 constare
1819 3371 1919 3456 lira·

653 3490 735 3578 tis,
764 3510 831 3574 aut
848 3487 1052 3604 perpetuis
1076 3492 1269 3605 rupibus,
1295 3483 1361 3574 sed
1388 3515 1571 3574 acervum
1595 3487 1667 3575 elie
1678 3485 1920 3597 indigestum

649 3604 940 3720 praegrandium
956 3602 1161 3720 lapidum,
1195 3608 1322 3720 ligura
1348 3628 1563 3718 utcumque
1579 3601 1826 3692 orbiculari,
1848 3597 1917 3694 led

648 3721 831 3816 incerta,
860 3751 1035 3838 quorum
1053 3721 1244 3838 pleraque
1264 3725 1449 3810 tenuiora
1463 3719 1699 3835 aliquanto,
1729 3717 1796 3805 sed
1813 3718 1918 3809 rnul-

650 3856 693 3920 ta
709 3836 798 3924 sane
815 3840 954 3926 decem
976 3841 1127 3934 etiam,
1159 3837 1222 3926 vel
1234 3838 1449 3926 duodecim
1474 3839 1592 3952 pedet
1607 3837 1917 3928 crailitudinu

648 3979 819 4066 patent,
847 3959 891 4044 bt
905 3961 947 4040 in
963 3953 1092 4044 altum
1107 3954 1330 4073 assurgunt.
1363 3955 1426 4044 Est
1438 3981 1572 4042 autem
1588 3958 1726 4072 ingens
1742 3951 1913 4062 ejusmo·

651 4067 695 4152 di
723 4071 824 4184 lapis
848 4097 970 4159 notus
997 4071 1169 4167 incolis,
1192 4069 1569 4187 urinaquiltbrio
1597 4071 1720 4166 situs,
1752 4095 1799 4158 ut
1826 4068 1916 4157 liin

652 4212 743 4272 cum
762 4187 1005 4293 ascenderis,
1041 4194 1209 4278 minimo
1223 4195 1411 4306 corporis
1427 4216 1544 4278 motu
1572 4213 1879 4282 commoveatur
1897 4245 1911 4281 2

650 4303 696 4388 &
712 4307 888 4505 trppidet
904 4373 914 4393 .
946 4310 1005 4393 Eo
1017 4336 1095 4422 ego
1112 4307 1273 4420 quidem
1288 4307 1442 4394 iudicio
1458 4307 1701 4398 crediderim
1717 4307 1847 4393 lacum
1864 4301 1916 4390 it·

648 4417 734 4526 lum
776 4426 977 4533 ubjedium
995 4481 1007 4517 ‚
1023 4454 1141 4538 quem
1155 4424 1349 4539 Virgilius
1363 4426 1578 4519 nominat,
1608 4432 1660 4514 Er
1672 4431 1815 4512 Canini
1828 4449 1917 4508 rum.

648 4540 903 4636 mintriacus,
935 4541 1157 4630 Vulcanum
1171 4539 1271 4627 olim
1286 4539 1486 4632 extitisse,
1519 4539 1836 4656 acdeflagraffe‚
1865 4540 1912 4626 ,δε

648 4656 829 4774 ingentes
842 4691 905 4747 eas
919 4655 1097 4772 lapidum
1114 4659 1186 4742 diu
1201 4684 1290 4748 aute
1305 4650 1584 4748 volutato'rum
1598 4659 1726 4746 moles
1742 4655 1912 4764 ejacula-

647 4797 766 4870 tum‚
796 4811 848 4867 eo
859 4775 1079 4893 congessisse
1093 4784 1134 4860 in
1146 4776 1372 4862 cumulum.
1450 4776 1619 4892 uidquid
1645 4775 1908 4865 autemdeeo

560 4959 564 4966 .
646 4885 720 4984 stt,
753 4894 853 4984 illud
868 4902 1016 5016 ubique
1031 4897 1130 4986 mibi
1144 4888 1182 4982 se
1196 4892 1383 5010 prodidit
1400 4782 1588 4990 Piscem
1603 4897 1729 4988 nostri
1747 4888 1909 5001 hujusce

1800 5001 1911 5128 globi
