4132 5766
668 609 751 698 300
1005 573 1566 662 onuscutuu

548 759 551 766 ι
665 725 806 788 torum
820 689 1037 786 summam,
1061 697 1160 805 q'uin
1175 689 1333 807 poffent
1345 719 1497 779 errores
1510 685 1745 778 excrescere
1771 689 1923 805 explu-

668 823 776 905 ribus
791 815 996 898 erroribus
1023 807 1346 923 conspirantibus
1359 806 1550 894 colleffl.

730 961 819 1032 214.
853 935 981 1016 Porro
994 929 1034 1012 in
1050 930 1123 1012 bac
1140 927 1338 1012 methodo
1355 928 1472 1011 unius
1487 921 1651 1013 secundi
1678 955 1789 1014 error
1817 924 1923 1017 hci-

423 1051 628 1126 Q²³¹s¹‘¹“¹¹·
670 1054 965 1139 leevittretur.
1001 1047 1161 1132 Namin
1190 1042 1500 1131 distantiamiile
1527 1045 1823 1158 hexapedarum
1858 1069 1925 1131 te·

424 1155 503 1192 '²⁸'
670 1167 852 1280 lescopio
878 1165 1037 1278 pedum*
1053 1166 1208 1252 trium,
1235 1160 1298 1248 vel
1312 1189 1343 1261 4
1356 1157 1474 1248 facile
1495 1159 1717 1247 admodum
1738 1158 1912 1247 discerni

668 1283 795 1402 posset
821 1280 1032 1367 centesrma
1055 1278 1270 1394 bexapedse
1294 1308 1384 1394 pars
1414 1336 1425 1370 ‚
1455 1305 1543 1393 quae
1573 1307 1656 1365 uno
1683 1276 1838 1393 pollice
1865 1277 1923 1364 est

668 1401 807 1516 paullo
823 1401 981 1485 minor,
1017 1398 1270 1512 quindeejus
1284 1398 1525 1488 dimidium,
1557 1390 1920 1502 &uniusejusmo-

666 1519 710 1604 di
725 1521 849 1634 partis
879 1543 993 1603 error
1024 1516 1149 1601 initio
1176 1513 1307 1601 secum
1333 1510 1460 1600 ferret
1487 1541 1663 1600 errorem
1694 1516 1738 1596 in
1768 1509 1919 1625 angulo

660 1630 1324 1724 duorumcircite-rsecundorum,
1357 1635 1399 1715 in
1411 1627 1490 1718 fine
1501 1633 1618 1719 unius
1647 1652 1832 1720 tantum,
1866 1652 1915 1714 ut

670 1751 786 1838 facile
799 1781 849 1838 ex
868 1749 1012 1838 tabulis
1026 1746 1178 1837 sinuum
1198 1746 1435 1864 colligitur.

512 1974 517 1988 Ι
725 1891 823 1972 215.
857 1873 954 1956 Haec
968 1866 1180 1955 methodus
1194 1869 1239 1954 δι
1255 1866 1463 1982 operosior
1473 1867 1559 1963 est,
1589 1875 1635 1958 δε
1649 1895 1915 1983 campumre·

421 1971 790 2114 ffssfflffffiaquirit
820 1988 869 2072 ad
896 2016 980 2072 rem
1012 1980 1299 2101 perficiendam
1326 1987 1517 2071 idoneum
1546 2045 1566 2079 ,,
1587 1982 1818 2096 cujusmodi
1845 2013 1913 2070 nor

662 2101 852 2222 nusquam
875 2107 1123 2192 invenimus.
1151 2101 1305 2189 Aderat
1317 2101 1446 2188 altera
1469 2106 1682 2194 methodus
1708 2161 1721 2195 ‚
1749 2132 1831 2216 qua
1854 2102 1916 2184 di·

661 2221 783 2311 uersae
797 2221 1026 2336 quadrantis
1042 2243 1175 2336 partes
1191 2222 1298 2305 inter
1325 2219 1364 2307 se
1378 2218 1662 2311 conferrentur
1679 2277 1692 2312 ‚
1712 2243 1826 2306 totus
1853 2249 1913 2306 au·

663 2365 747 2428 tem
763 2340 955 2454 quadrans
969 2361 1111 2454 quater
1136 2338 1433 2427 circumductus
1466 2343 1665 2457 ingyrum
1691 2367 1788 2424 cum
1817 2361 1909 2424 tnto

652 2461 818 2545 >circum
833 2459 1074 2542 horizonte.
1094 2459 1135 2542 Si
1147 2457 1253 2542 enirn
1281 2483 1569 2574 comparentur
1600 2461 1781 2573 primum
1820 2457 1907 2543 bini

658 2573 997 2690 semiquadrantes
1013 2576 1119 2661 inter
1137 2568 1208 2664 se,
1235 2574 1296 2661 vel
1310 2577 1450 2690 potius
1478 2583 1585 2667 terni
1619 2579 1812 2668 trientes,
1844 2578 1909 2656 ni·

658 2697 806 2780 mirum
819 2695 965 2778 triceni
978 2693 1122 2805 gradus
1140 2755 1152 2790 ,
1171 2714 1260 2777 tum
1278 2693 1446 2780 trientes
1470 2696 1641 2789 borum,
1671 2691 1743 2780 five
1762 2693 1911 2806 gradus

658 2814 780 2905 deni,
808 2809 1240 2900 tumhorumdimidia
1255 2865 1267 2902 s
1282 2813 1471 2898 nimirum
1487 2817 1633 2929 gradus
1656 2813 1797 2927 quini,
1826 2834 1912 2896 tum

651 2930 802 3046 gradus
814 2923 986 3042 singuli,
1018 2927 1239 3020 dividendo
1251 2932 1364 3046 prius
1375 2932 1522 3044 gradus
1536 2936 1644 3040 poin
1662 2933 1823 3017 ratione
1849 2931 1912 3014 in·
2053 2993 2054 3006 r

655 3071 780 3133 uentu
794 3054 836 3131 in
851 3049 979 3134 tribus
993 3049 1232 3138 trientibus,
1264 3072 1350 3135 tum
1379 3045 1564 3163 fingulos.
1586 3052 1754 3137 trientes
1781 3051 1825 3130 in
1851 3075 1910 3132 ra·

657 3169 773 3250 tione
804 3167 967 3253 inventa
990 3166 1033 3248 in
1063 3167 1173 3251 denis
1200 3167 1413 3280 gradibus,
1440 3171 1486 3254 dc
1511 3172 1572 3256 ita
1599 3195 1729 3284 porro
1754 3197 1804 3253 ea
1829 3193 1909 3252 me·

653 3281 792 3366 rhodo
807 3311 948 3396 ‚quam
960 3311 1039 3398 pro
1051 3281 1209 3370 seetore
1221 3281 1390 3399 exposui
1407 3282 1525 3399 supra
1537 3303 1651 3390 n.85‚
1667 3285 1762 3404 post
1774 3315 1808 3384 4
1819 3274 1914 3388 ejus·

656 3399 771 3481 modi
784 3402 1040 3512 operationes
1053 3401 1250 3486 habentur
1263 3430 1401 3489 omnes
1414 3431 1525 3489 arcus
1542 3407 1712 3520 integris
1727 3402 1909 3488 constans

655 3539 714 3600 tes
728 3514 945 3629 gradibum
969 3519 1067 3601 &in
1082 3518 1282 3630 prioribus
1298 3522 1427 3610 tribus
1440 3519 1580 3636 singuli
1592 3517 1903 3639 singularumde·

657 3637 988 3720 terminationum
1002 3662 1158 3720 errores
1170 3637 1378 3722 committi
1393 3637 1616 3751 possunnin
1633 3641 1823 3756 postrema
1838 3633 1908 3724 du·

657 3749 754 3865 plex
773 3779 910 3836 error.
938 3753 1090 3838 Eodem
1105 3759 1229 3866 patto
1243 3754 1405 3842 &dena
1416 3759 1595 3850 minuta,
1627 3764 1673 3846 δε
1688 3751 1740 3844 fin
1808 3754 1907 3840 tin-

656 3889 720 3974 ter
734 3863 960 3976 seconfe'rri
974 3869 1162 3980 possunt,
1190 3864 1257 3956 sed
1271 3867 1729 3986 srngulorumcollatio,
1785 3865 1907 3966 transt·

656 3980 774 4070 uersae
806 3982 920 4068 lineae
950 3985 1202 4099 deprehensae
1241 3985 1394 4078 fuerint
1424 3997 1543 4079 rena
1571 4051 1584 4087 ,
1612 3994 1907 4110 supervacanea

654 4101 758 4190 erit,
786 4129 877 4184 nam
890 4101 1051 4190 collatis
1067 4106 1172 4190 inter
1186 4101 1224 4190 se
1238 4104 1350 4192 denis
1368 4112 1538 4196 minutis
1564 4109 1710 4199 circuli
1741 4111 1905 4201 intimi,

653 4221 700 4302 dc
712 4220 885 4310 extimi,
910 4220 1003 4305 inde
1018 4217 1134 4308 facile
1147 4228 1302 4310 eruitur
1314 4230 1520 4315 torrediio
1532 4261 1612 4346 pro
1629 4229 1800 4316 mediis.
1817 4234 1908 4318 Hoc

655 4339 780 4446 pacto
804 4364 885 4448 pro
896 4335 1055 4453 singulis
1082 4344 1250 4432 arcubus
1276 4345 1490 4432 obtinetur
1515 4351 1724 4438 correetio
1755 4377 1811 4438 ex
1840 4349 1910 4463 hy·

653 4449 839 4566 potbefi‚
871 4457 984 4567 quod
1013 4480 1128 4543 totus
1156 4463 1354 4571 quadrans
1383 4469 1522 4551 exacte
1549 4486 1735 4578 quartam
1764 4464 1909 4553 circuli

653 4591 814 4678 partem
827 4576 1060 4665 contineat,
1085 4604 1203 4690 aqua
1222 4575 1482 4694 fiquidquam
1510 4583 1741 4698 discrepans
1770 4587 1908 4672 inven-

652 4707 719 4771 tus
735 4685 874 4781 fuerit,
893 4693 939 4777 dt
953 4687 1040 4786 fiat,
1057 4713 1104 4777 ut
1117 4695 1259 4806 gradus
1277 4725 1332 4802 90
1350 4698 1400 4782 ad
1412 4707 1741 4815 arcumquemris
1759 4704 1905 4794 ‚itata

652 4801 854 4898 differetia
879 4810 1155 4928 adquorum,
1181 4814 1409 4905 invenietur
1429 4813 1500 4916 id,
1532 4819 1646 4933 quod
1670 4817 1910 4937 in-fingulis

1120 4967 1125 4977 ·
1805 4963 1915 5026 artu·
