4144 5784
486 512 702 651 QUI
758 510 802 596 N
857 507 896 597 Τ
952 507 992 594 U
1048 511 1125 594 Μ.
1374 537 1463 614 477

214 619 267 740 so
281 623 400 752 pedes
415 627 513 718 adiu
543 625 668 718 1t‚ad
687 620 819 741 ipsum
835 626 951 712 maris
965 621 1080 711 littus
1093 621 1141 713 lit
1159 625 1313 718 turris.
1344 629 1389 716 dt
1420 634 1465 718 in

207 779 254 838 ea
277 749 493 868 pendulum
514 661 703 858 longius,
729 744 801 829 ubi
818 741 1052 830 adveniente
1062 745 1158 832 aeliu
1176 741 1357 832 succedit
1367 747 1464 834 stra-

209 893 257 954 to
270 870 368 954 aeris
382 868 546 952 stratum
560 887 669 972 aquae
683 857 848 946 ciaffurn
863 859 983 973 pedes
1002 881 1082 964 ςο,
1111 863 1158 948 dt
1173 861 1223 947 ad
1236 861 1364 948 multa
1376 859 1462 980 pas·

209 983 325 1070 suum
343 981 471 1068 millia
486 975 755 1094 protensum,
790 975 957 1063 deberet
970 977 1189 1092 pendulum
1218 975 1348 1096 ipsum
1374 1011 1465 1067 mo·
1536 1083 1538 1088 ,

209 1103 298 1187 veri
326 1095 506 1184 nonnihil
535 1123 677 1208 aquam
704 1089 834 1182 uersus
858 1148 872 1182 ,
896 1096 941 1179 dc
968 1093 1244 1211 microseopio
1272 1096 1461 1184 adhibito

207 1238 345 1304 motus
364 1217 395 1301 is
408 1217 544 1330 iugens
561 1235 774 1325 appareret
790 1240 802 1304 3
829 1211 898 1324 qui
926 1211 1088 1324 quidem
1109 1211 1327 1300 liduorurn
1344 1214 1464 1300 circi·

206 1351 272 1416 ter
285 1329 547 1418 secundorum
559 1327 683 1421 efl'et,
710 1326 908 1413 indicaret
924 1327 1161 1418 denfitatsrn
1188 1335 1359 1417 marium
1378 1359 1465 1417 me·
1575 1391 1577 1398 ,

203 1448 317 1534 diam
332 1447 527 1562 aequalem
543 1442 730 1534 denfitati
745 1470 879 1557 aquae,
906 1445 1152 1534 caritatibus
1169 1445 1464 1562 compensanti-¹

205 1568 282 1654 bus
314 1593 595 1655 marmorum,
624 1591 669 1648 ac
697 1557 957 1648 metallorum
985 1563 1270 1678 praevalentem
1296 1559 1465 1649 denfita·

206 1705 316 1768 turn.
345 1683 416 1767 Sin
440 1704 571 1767 autern
588 1682 744 1790 major,
774 1673 836 1765 vel
860 1675 1142 1772 minoraret,
1175 1682 1374 1772 minoris,
1400 1673 1465 1766 vel

208 1801 375 1908 majoris
403 1796 605 1884 denfitatis
636 1793 857 1882 mensuram
890 1792 1124 1908 proderet,
1159 1826 1238 1912 qua
1264 1795 1464 1890 methodo

206 1914 313 2001 haud
329 1912 444 2007 seio,
470 1913 854 2028 anullalitaptior‚
885 1909 1088 1998 &anullo
1113 1913 1192 1998 alia
1215 1913 1265 1998 ad
1292 1942 1376 1998 rern
1404 1915 1465 1997 ita

205 2058 304 2148 apta
331 2061 503 2144 unquam
519 2028 567 2116 lit
587 2027 796 2146 proposita
826 2025 876 2113 ad
903 2029 1169 2116 aestirnandarn
1192 2031 1463 2146 quantitatem

207 2151 389 2233 materiae
405 2153 447 2230 in
464 2170 554 2234 tota
577 2148 763 2234 Tellure.
852 2211 855 2216 -
890 2177 896 2185 ·

266 2291 370 2375 ²43·
399 2266 475 2350 Sed
489 2292 541 2350 eo
561 2264 730 2359 omiffo,
752 2283 799 2350 ut
824 2257 1029 2349 redeamus
1056 2264 1107 2352 ad
1139 2291 1223 2353 rem
1256 2264 1458 2354 nostram,
1530 2295 1704 2366 anag-uun

202 2402 322 2497 patet
349 2379 478 2471 illud,
508 2379 799 2496 inaequalitates
824 2374 1014 2493 plurimas
1043 2403 1171 2497 prope
1203 2377 1457 2498 superficiem
1472 2373 1589 2501 “¹¹¹²'ss
1605 2389 1704 2506 Ἣ

201 2498 353 2612 ubique
368 2525 580 2588 occurrere
599 2555 612 2592 ,
646 2493 731 2585 sola
743 2495 991 2587 elevatiora,
1020 2497 1154 2588 hiatus
1172 2498 1241 2584 uel
1258 2517 1423 2614 apertos
1441 2468 1702 2586 ‚lliis'li‘sia

202 2612 272 2700 vel
288 2614 475 2712 occultos
495 2661 510 2706 a
535 2619 737 2700 montium
751 2615 874 2726 juga,
903 2608 1365 2703 metallorumnfodiuam
1394 2603 1703 2738 ²t·'2⁵s¹¹'{,⁸r}‘¹‘¹⁰¹2

200 2759 284 2846 que
312 2729 390 2814 alia
420 2727 642 2836 ejusmodi,
671 2756 847 2843 quorum
870 2729 979 2811 aetio
1010 2725 1194 2814 videatur
1220 2723 1455 2842 aequivalere
1470 2697 1696 2832 ,iuliisa'au

199 2843 478 2963 poffeadiioui
492 2848 614 2932 etiam
627 2845 742 2961 globi
761 2845 876 2930 unius
891 2839 1099 2932 milliarii.
1131 2850 1265 2970 Qrare
1289 2869 1373 2929 non
1400 2835 1664 2932 est“'¹””⁸¹⁸·

118 2987 121 2996 ⁴
199 2962 477 3076 sperandum,
504 2958 787 3077 utprogrelius
814 2960 1079 3073 longitudinis
1107 2957 1376 3078 pendulorurn
1401 2959 1453 3046 ab
1631 2978 1635 2983 ’

199 3103 407 3191 aequatore
422 3079 471 3163 ad
487 3079 700 3192 poluruita
712 3077 903 3191 regularis
916 3071 993 3168 fit,
1026 3098 1072 3164 ut
1099 3077 1260 3192 aliquot
1282 3069 1451 3165 centeii·

199 3198 280 3282 mis
297 3194 410 3279 lineae
425 3197 604 3312 partibus
620 3221 703 3280 non
717 3198 872 3280 aberret
884 3197 935 3282 ab
949 3194 1199 3281 incremento
1209 3195 1459 3310 proportio·

199 3307 284 3394 nali
302 3311 433 3424 duplae
447 3309 672 3398 latitudinis
684 3309 781 3398 sinui
799 3306 913 3398 serso
929 3365 942 3400 ,
957 3337 1029 3397 nec
1043 3331 1090 3397 ut
1102 3307 1224 3398 nullae
1237 3332 1457 3400 occurrant

199 3430 457 3514 deviationes
470 3427 770 3542 pendulorum,
793 3455 881 3541 quae
907 3427 1102 3541 graduum
1128 3421 1351 3517 mensuram
1367 3446 1465 3512 tur·-

198 3545 324 3632 bens,
351 3571 574 3659 quanquam
598 3543 699 3634 hanc
722 3546 886 3660 quidem
909 3543 1042 3634 multo
1067 3547 1194 3661 magis
1208 3540 1453 3632 turbarede·

197 3663 331 3750 bent,
359 3689 478 3773 quarn
498 3660 634 3746 illam.

264 3803 364 3878 244
397 3783 532 3890 Atque
546 3779 625 3865 hoc
644 3781 767 3893 pado
780 3777 1050 3866 demonstrata
1073 3778 1155 3888 jam
1174 3777 1239 3867 lale
1255 3775 1452 3864 habentur
1488 3787 1556 3862 Qu
1574 3789 1698 3859 taetrae
1773 3776 1778 3784 “

196 3895 379 4010 plurima
411 3897 534 3982 etiam
560 3925 613 3981 ex
642 3898 719 3985 iis,
749 3925 835 4008 quat
868 3899 1005 4010 primo
1029 3893 1229 4012 opusculo
1252 3868 1699 4020 propofitassffiwffiffig’

196 4007 362 4096 fuerant
375 4043 397 4094 a
410 4043 518 4096 num.
539 4027 614 4119 462
629 4017 799 4129 &patet
824 4017 956 4101 aditus
972 4013 1202 4127 inquirendi
1218 4013 1260 4093 in
1284 4005 1458 4096 Telluris
1472 4023 1664 4099 saeuusm

196 4123 715 4236 figuramsacdenlitatem
739 4160 810 4245 per
846 4129 1148 4217 observationes
1190 4122 1460 4242 pendulotum

198 4237 478 4330 oscillantium
493 4245 543 4329 ad
568 4243 718 4358 singula
729 4249 886 4331 minuta
900 4240 1097 4336 secunda,
1152 4271 1298 4331 uorum
1324 4239 1463 4357 longi-

194 4356 359 4492 rqdiues
374 4361 566 4473 gravitati
580 4357 909 4476 proportionales
920 4355 1012 4446 suut
1027 4359 1103 4454 ‚ut
1118 4273 1236 4478 lipsa
1253 4360 1378 4476 etiarn
1393 4360 1457 4445 di·

195 4501 361 4562 ximus.
1376 4525 1381 4538 ·

262 4617 362 4698 245.
394 4593 666 4684 Pendulorurn
695 4589 890 4702 ejusmodi
930 4591 1205 4710 longitudines
1240 4559 1699 4710 observataeffimfflffi

191 4705 336 4830 paffim
349 4735 568 4804 occurrunt
583 4714 690 4834 apud
704 4719 901 4806 Austores
922 4767 935 4808 ‚
960 4717 1006 4803 dt
1020 4712 1113 4806 satis
1127 4711 1305 4828 amplum
1324 4718 1617 4797 earumsshtbwn
1638 4753 1648 4781 .
1674 4729 1700 4779 a

1321 4796 1698 4920 seriem⁸''⁴‘.⁴“⁸¹⁰‘⁰⁴'·
