<?xml version="1.0" encoding="UTF-8"?>
<!DOCTYPE html PUBLIC "-//W3C//DTD XHTML 1.0 Transitional//EN"
    "http://www.w3.org/TR/xhtml1/DTD/xhtml1-transitional.dtd">
<html xmlns="http://www.w3.org/1999/xhtml" xml:lang="en" lang="en">
 <head>
  <title>
</title>
<meta http-equiv="Content-Type" content="text/html;charset=utf-8" />
  <meta name='ocr-system' content='tesseract 3.04.00' />
  <meta name='ocr-capabilities' content='ocr_page ocr_carea ocr_par ocr_line ocrx_word'/>
</head>
<body>
  <div class='ocr_page' id='page_1' title='image "./delitterariaexp00boscgoog_0152.png"; bbox 0 0 4178 5748; ppageno 0'>
   <div class='ocr_carea' id='block_1_1' title="bbox 160 553 1430 3223">
    <p class='ocr_par' dir='ltr' id='par_1_1' title="bbox 160 553 1436 3223">
     <span class='ocr_line' id='line_1_1' title="bbox 526 553 1422 668; baseline 0.011 -28"><span class='ocrx_word' id='word_1_1' title='bbox 526 553 1075 667; x_wconf 74' lang='lat' dir='ltr'>SECUNDUM:</span> <span class='ocrx_word' id='word_1_2' title='bbox 1346 587 1422 668; x_wconf 55' lang='lat' dir='ltr'>sn</span> 
     </span>
     <span class='ocr_line' id='line_1_2' title="bbox 176 671 1423 792; baseline -0.001 -27"><span class='ocrx_word' id='word_1_3' title='bbox 176 673 484 764; x_wconf 75' lang='lat' dir='ltr'>Aberrationenn</span> <span class='ocrx_word' id='word_1_4' title='bbox 510 672 703 757; x_wconf 87' lang='lat' dir='ltr'>institutis</span> <span class='ocrx_word' id='word_1_5' title='bbox 732 673 949 775; x_wconf 84' lang='lat' dir='ltr'>(institutae</span> <span class='ocrx_word' id='word_1_6' title='bbox 964 671 1201 762; x_wconf 87' lang='lat' dir='ltr'>autemsunt</span> <span class='ocrx_word' id='word_1_7' title='bbox 1219 677 1308 791; x_wconf 87' lang='lat' dir='ltr'>post</span> <span class='ocrx_word' id='word_1_8' title='bbox 1320 707 1423 792; x_wconf 82' lang='lat' dir='ltr'>prae-</span> 
     </span>
     <span class='ocr_line' id='line_1_3' title="bbox 176 787 1430 906; baseline 0.006 -30"><span class='ocrx_word' id='word_1_9' title='bbox 176 787 422 879; x_wconf 85' lang='lat' dir='ltr'>clarillimurn</span> <span class='ocrx_word' id='word_1_10' title='bbox 435 787 515 872; x_wconf 89' lang='lat' dir='ltr'>hoc</span> <span class='ocrx_word' id='word_1_11' title='bbox 534 791 741 874; x_wconf 86' lang='lat' dir='ltr'>inventum</span> <span class='ocrx_word' id='word_1_12' title='bbox 758 787 1089 903; x_wconf 68' lang='lat' dir='ltr'>quamplurima)</span> <span class='ocrx_word' id='word_1_13' title='bbox 1107 793 1277 878; x_wconf 86' lang='lat' dir='ltr'>inveniri</span> <span class='ocrx_word' id='word_1_14' title='bbox 1295 853 1307 886; x_wconf 88' lang='lat'><em>,</em></span> <span class='ocrx_word' id='word_1_15' title='bbox 1334 825 1430 906; x_wconf 87' lang='lat' dir='ltr'>quae·</span> 
     </span>
     <span class='ocr_line' id='line_1_4' title="bbox 175 898 1428 1022; baseline 0.008 -32"><span class='ocrx_word' id='word_1_16' title='bbox 175 905 469 1022; x_wconf 83' lang='lat' dir='ltr'><strong>conspiratione</strong></span> <span class='ocrx_word' id='word_1_17' title='bbox 487 898 554 990; x_wconf 89' lang='lat' dir='ltr'>sua</span> <span class='ocrx_word' id='word_1_18' title='bbox 580 903 830 991; x_wconf 77' lang='lat' dir='ltr'>certillsrnant</span> <span class='ocrx_word' id='word_1_19' title='bbox 856 903 980 990; x_wconf 83' lang='lat' dir='ltr'>causae</span> <span class='ocrx_word' id='word_1_20' title='bbox 999 909 1194 1022; x_wconf 83' lang='lat' dir='ltr'>allignatae</span> <span class='ocrx_word' id='word_1_21' title='bbox 1210 915 1428 1000; x_wconf 79' lang='lat' dir='ltr'>veritatem</span> 
     </span>
     <span class='ocr_line' id='line_1_5' title="bbox 173 1018 1428 1137; baseline 0.005 -29"><span class='ocrx_word' id='word_1_22' title='bbox 173 1053 251 1110; x_wconf 92' lang='lat' dir='ltr'>non</span> <span class='ocrx_word' id='word_1_23' title='bbox 269 1018 488 1108; x_wconf 82' lang='lat' dir='ltr'>confirmet</span> <span class='ocrx_word' id='word_1_24' title='bbox 508 1085 516 1106; x_wconf 91' lang='lat'><strong>.</strong></span> <span class='ocrx_word' id='word_1_25' title='bbox 539 1026 644 1107; x_wconf 90' lang='lat' dir='ltr'>Cum</span> <span class='ocrx_word' id='word_1_26' title='bbox 670 1024 795 1134; x_wconf 85' lang='lat' dir='ltr'>igitur</span> <span class='ocrx_word' id='word_1_27' title='bbox 810 1023 911 1109; x_wconf 89' lang='lat' dir='ltr'>Lud.</span> <span class='ocrx_word' id='word_1_28' title='bbox 932 1026 1018 1106; x_wconf 88' lang='lat' dir='ltr'>XV.</span> <span class='ocrx_word' id='word_1_29' title='bbox 1038 1027 1159 1137; x_wconf 86' lang='lat' dir='ltr'>Regis</span> <span class='ocrx_word' id='word_1_30' title='bbox 1176 1028 1428 1114; x_wconf 87' lang='lat' dir='ltr'>Christianis·</span> 
     </span>
     <span class='ocr_line' id='line_1_6' title="bbox 174 1128 1429 1256; baseline 0.005 -30"><span class='ocrx_word' id='word_1_31' title='bbox 174 1128 256 1226; x_wconf 74' lang='lat' dir='ltr'>fini</span> <span class='ocrx_word' id='word_1_32' title='bbox 275 1135 377 1244; x_wconf 86' lang='lat' dir='ltr'>juffu</span> <span class='ocrx_word' id='word_1_33' title='bbox 398 1133 649 1222; x_wconf 82' lang='lat' dir='ltr'>celeberrimi</span> <span class='ocrx_word' id='word_1_34' title='bbox 668 1139 707 1220; x_wconf 93' lang='lat' dir='ltr'>in</span> <span class='ocrx_word' id='word_1_35' title='bbox 723 1138 855 1223; x_wconf 88' lang='lat' dir='ltr'>Gallia</span> <span class='ocrx_word' id='word_1_36' title='bbox 880 1141 1112 1225; x_wconf 84' lang='lat' dir='ltr'>Astronomi</span> <span class='ocrx_word' id='word_1_37' title='bbox 1142 1144 1184 1222; x_wconf 93' lang='lat' dir='ltr'>in</span> <span class='ocrx_word' id='word_1_38' title='bbox 1197 1144 1324 1256; x_wconf 85' lang='lat' dir='ltr'>gradu</span> <span class='ocrx_word' id='word_1_39' title='bbox 1341 1151 1429 1231; x_wconf 90' lang='lat' dir='ltr'>Me-</span> 
     </span>
     <span class='ocr_line' id='line_1_7' title="bbox 171 1252 1428 1376; baseline 0.006 -34"><span class='ocrx_word' id='word_1_40' title='bbox 171 1257 314 1342; x_wconf 85' lang='lat' dir='ltr'>tidiani</span> <span class='ocrx_word' id='word_1_41' title='bbox 343 1253 614 1341; x_wconf 86' lang='lat' dir='ltr'>remotillinris</span> <span class='ocrx_word' id='word_1_42' title='bbox 626 1255 668 1336; x_wconf 91' lang='lat' dir='ltr'>in</span> <span class='ocrx_word' id='word_1_43' title='bbox 682 1252 785 1341; x_wconf 91' lang='lat' dir='ltr'>locis</span> <span class='ocrx_word' id='word_1_44' title='bbox 811 1255 1064 1340; x_wconf 86' lang='lat' dir='ltr'>dimetiendo</span> <span class='ocrx_word' id='word_1_45' title='bbox 1081 1255 1152 1340; x_wconf 92' lang='lat' dir='ltr'>diu</span> <span class='ocrx_word' id='word_1_46' title='bbox 1176 1259 1428 1376; x_wconf 86' lang='lat' dir='ltr'>multumque</span> 
     </span>
     <span class='ocr_line' id='line_1_8' title="bbox 172 1365 1426 1489; baseline 0.004 -31"><span class='ocrx_word' id='word_1_47' title='bbox 172 1365 444 1460; x_wconf 71' lang='lat' dir='ltr'>desudassent,</span> <span class='ocrx_word' id='word_1_48' title='bbox 472 1397 642 1483; x_wconf 87' lang='lat' dir='ltr'>cumque</span> <span class='ocrx_word' id='word_1_49' title='bbox 657 1371 858 1486; x_wconf 87' lang='lat' dir='ltr'>graduum</span> <span class='ocrx_word' id='word_1_50' title='bbox 877 1367 1127 1484; x_wconf 82' lang='lat' dir='ltr'>lingularum</span> <span class='ocrx_word' id='word_1_51' title='bbox 1141 1376 1191 1459; x_wconf 88' lang='lat' dir='ltr'>ab</span> <span class='ocrx_word' id='word_1_52' title='bbox 1208 1379 1426 1489; x_wconf 83' lang='lat' dir='ltr'>AEquatore</span> 
     </span>
     <span class='ocr_line' id='line_1_9' title="bbox 172 1485 1429 1601; baseline 0.005 -27"><span class='ocrx_word' id='word_1_53' title='bbox 172 1485 435 1574; x_wconf 87' lang='lat' dir='ltr'>crescentium</span> <span class='ocrx_word' id='word_1_54' title='bbox 465 1487 779 1601; x_wconf 67' lang='lat' dir='ltr'><strong>inaequalitatem</strong></span> <span class='ocrx_word' id='word_1_55' title='bbox 806 1490 1003 1575; x_wconf 86' lang='lat' dir='ltr'>accuratis</span> <span class='ocrx_word' id='word_1_56' title='bbox 1030 1487 1219 1576; x_wconf 84' lang='lat' dir='ltr'>mensuris</span> <span class='ocrx_word' id='word_1_57' title='bbox 1251 1517 1333 1578; x_wconf 88' lang='lat' dir='ltr'>tam</span> <span class='ocrx_word' id='word_1_58' title='bbox 1356 1492 1429 1580; x_wconf 87' lang='lat' dir='ltr'>sub</span> 
     </span>
     <span class='ocr_line' id='line_1_10' title="bbox 170 1599 1427 1720; baseline 0.002 -28"><span class='ocrx_word' id='word_1_59' title='bbox 170 1603 451 1717; x_wconf 74' lang='lat' dir='ltr'>AEquinoc‘iiali</span> <span class='ocrx_word' id='word_1_60' title='bbox 469 1599 654 1692; x_wconf 80' lang='lat' dir='ltr'>circulo,</span> <span class='ocrx_word' id='word_1_61' title='bbox 675 1635 794 1720; x_wconf 85' lang='lat' dir='ltr'>quam</span> <span class='ocrx_word' id='word_1_62' title='bbox 808 1603 879 1691; x_wconf 86' lang='lat' dir='ltr'>sub</span> <span class='ocrx_word' id='word_1_63' title='bbox 896 1602 1059 1693; x_wconf 83' lang='lat' dir='ltr'>Pola-ri,</span> <span class='ocrx_word' id='word_1_64' title='bbox 1090 1635 1260 1692; x_wconf 89' lang='lat' dir='ltr'>necnon</span> <span class='ocrx_word' id='word_1_65' title='bbox 1273 1612 1314 1692; x_wconf 92' lang='lat' dir='ltr'>in</span> <span class='ocrx_word' id='word_1_66' title='bbox 1330 1609 1427 1697; x_wconf 80' lang='lat' dir='ltr'>Gal-</span> 
     </span>
     <span class='ocr_line' id='line_1_11' title="bbox 172 1717 1426 1832; baseline 0.007 -28"><span class='ocrx_word' id='word_1_67' title='bbox 172 1721 230 1806; x_wconf 89' lang='lat' dir='ltr'>lia</span> <span class='ocrx_word' id='word_1_68' title='bbox 242 1717 327 1832; x_wconf 86' lang='lat' dir='ltr'>ipsa</span> <span class='ocrx_word' id='word_1_69' title='bbox 338 1721 508 1831; x_wconf 75' lang='lat' dir='ltr'>peradtis</span> <span class='ocrx_word' id='word_1_70' title='bbox 521 1720 627 1806; x_wconf 88' lang='lat' dir='ltr'>citra</span> <span class='ocrx_word' id='word_1_71' title='bbox 638 1718 953 1808; x_wconf 80' lang='lat' dir='ltr'>controverfianr</span> <span class='ocrx_word' id='word_1_72' title='bbox 979 1719 1247 1817; x_wconf 81' lang='lat' dir='ltr'>stabililffent,</span> <span class='ocrx_word' id='word_1_73' title='bbox 1270 1753 1343 1812; x_wconf 90' lang='lat' dir='ltr'>nec</span> <span class='ocrx_word' id='word_1_74' title='bbox 1357 1728 1426 1812; x_wconf 85' lang='lat' dir='ltr'>ad·</span> 
     </span>
     <span class='ocr_line' id='line_1_12' title="bbox 169 1831 1424 1950; baseline 0.004 -28"><span class='ocrx_word' id='word_1_75' title='bbox 169 1836 252 1922; x_wconf 89' lang='lat' dir='ltr'>huc</span> <span class='ocrx_word' id='word_1_76' title='bbox 266 1831 471 1946; x_wconf 88' lang='lat' dir='ltr'>quisquam</span> <span class='ocrx_word' id='word_1_77' title='bbox 486 1840 768 1947; x_wconf 83' lang='lat' dir='ltr'>experimento</span> <span class='ocrx_word' id='word_1_78' title='bbox 796 1834 998 1950; x_wconf 75' lang='lat' dir='ltr'>probisset</span> <span class='ocrx_word' id='word_1_79' title='bbox 1012 1838 1200 1924; x_wconf 87' lang='lat' dir='ltr'>eademne</span> <span class='ocrx_word' id='word_1_80' title='bbox 1216 1839 1322 1927; x_wconf 88' lang='lat' dir='ltr'>foret</span> <span class='ocrx_word' id='word_1_81' title='bbox 1335 1847 1424 1930; x_wconf 90' lang='lat' dir='ltr'>ubi·</span> 
     </span>
     <span class='ocr_line' id='line_1_13' title="bbox 167 1949 1424 2064; baseline 0.003 -26"><span class='ocrx_word' id='word_1_82' title='bbox 167 1981 247 2064; x_wconf 88' lang='lat' dir='ltr'>que</span> <span class='ocrx_word' id='word_1_83' title='bbox 268 1955 525 2038; x_wconf 88' lang='lat' dir='ltr'>terrarumin</span> <span class='ocrx_word' id='word_1_84' title='bbox 540 1950 830 2040; x_wconf 88' lang='lat' dir='ltr'>eademaPolo</span> <span class='ocrx_word' id='word_1_85' title='bbox 855 1951 1067 2040; x_wconf 81' lang='lat' dir='ltr'>distantia,</span> <span class='ocrx_word' id='word_1_86' title='bbox 1091 1949 1162 2038; x_wconf 90' lang='lat' dir='ltr'>sub</span> <span class='ocrx_word' id='word_1_87' title='bbox 1189 1958 1424 2042; x_wconf 85' lang='lat' dir='ltr'>Meridianis</span> 
     </span>
     <span class='ocr_line' id='line_1_14' title="bbox 168 2061 1427 2184; baseline 0.005 -30"><span class='ocrx_word' id='word_1_88' title='bbox 168 2094 306 2156; x_wconf 87' lang='lat' dir='ltr'>tamen</span> <span class='ocrx_word' id='word_1_89' title='bbox 317 2061 478 2154; x_wconf 78' lang='lat' dir='ltr'>diverfis</span> <span class='ocrx_word' id='word_1_90' title='bbox 493 2066 677 2157; x_wconf 82' lang='lat' dir='ltr'>‚Telluris</span> <span class='ocrx_word' id='word_1_91' title='bbox 689 2090 923 2159; x_wconf 80' lang='lat' dir='ltr'>curvatura,</span> <span class='ocrx_word' id='word_1_92' title='bbox 938 2067 1069 2155; x_wconf 85' lang='lat' dir='ltr'>voluit</span> <span class='ocrx_word' id='word_1_93' title='bbox 1080 2097 1241 2184; x_wconf 90' lang='lat' dir='ltr'>quoque</span> <span class='ocrx_word' id='word_1_94' title='bbox 1256 2077 1319 2158; x_wconf 87' lang='lat' dir='ltr'>SS.</span> <span class='ocrx_word' id='word_1_95' title='bbox 1337 2078 1427 2160; x_wconf 92' lang='lat' dir='ltr'>Do·</span> 
     </span>
     <span class='ocr_line' id='line_1_15' title="bbox 167 2183 1427 2304; baseline 0.006 -36"><span class='ocrx_word' id='word_1_96' title='bbox 167 2187 298 2268; x_wconf 89' lang='lat' dir='ltr'>minus</span> <span class='ocrx_word' id='word_1_97' title='bbox 312 2183 442 2268; x_wconf 84' lang='lat' dir='ltr'>noller</span> <span class='ocrx_word' id='word_1_98' title='bbox 455 2189 737 2274; x_wconf 78' lang='lat' dir='ltr'>Bnnnnserus</span> <span class='ocrx_word' id='word_1_99' title='bbox 753 2188 858 2270; x_wconf 82' lang='lat' dir='ltr'><strong>XIV.</strong></span> <span class='ocrx_word' id='word_1_100' title='bbox 879 2213 955 2298; x_wconf 90' lang='lat' dir='ltr'>pro</span> <span class='ocrx_word' id='word_1_101' title='bbox 971 2183 1157 2298; x_wconf 80' lang='lat' dir='ltr'>singulari</span> <span class='ocrx_word' id='word_1_102' title='bbox 1170 2215 1216 2273; x_wconf 82' lang='lat' dir='ltr'>ea</span> <span class='ocrx_word' id='word_1_103' title='bbox 1231 2245 1244 2279; x_wconf 87' lang='lat'>‚</span> <span class='ocrx_word' id='word_1_104' title='bbox 1259 2217 1337 2304; x_wconf 90' lang='lat' dir='ltr'>qua</span> <span class='ocrx_word' id='word_1_105' title='bbox 1350 2191 1427 2276; x_wconf 86' lang='lat' dir='ltr'>bo-</span> 
     </span>
     <span class='ocr_line' id='line_1_16' title="bbox 167 2301 1427 2420; baseline 0.007 -38"><span class='ocrx_word' id='word_1_106' title='bbox 167 2327 238 2386; x_wconf 81' lang='lat' dir='ltr'>nas</span> <span class='ocrx_word' id='word_1_107' title='bbox 273 2321 377 2386; x_wconf 86' lang='lat' dir='ltr'>artes</span> <span class='ocrx_word' id='word_1_108' title='bbox 406 2331 544 2388; x_wconf 86' lang='lat' dir='ltr'>omnes</span> <span class='ocrx_word' id='word_1_109' title='bbox 569 2301 883 2412; x_wconf 66' lang='lat' dir='ltr'>complectitur,</span> <span class='ocrx_word' id='word_1_110' title='bbox 914 2301 1222 2395; x_wconf 83' lang='lat' dir='ltr'>benevolentia,</span> <span class='ocrx_word' id='word_1_111' title='bbox 1249 2329 1296 2391; x_wconf 92' lang='lat' dir='ltr'>ut</span> <span class='ocrx_word' id='word_1_112' title='bbox 1322 2337 1427 2420; x_wconf 91' lang='lat' dir='ltr'>quo-</span> 
     </span>
     <span class='ocr_line' id='line_1_17' title="bbox 167 2417 1424 2534; baseline 0.004 -34"><span class='ocrx_word' id='word_1_113' title='bbox 167 2420 281 2502; x_wconf 87' lang='lat' dir='ltr'>niam</span> <span class='ocrx_word' id='word_1_114' title='bbox 296 2418 438 2500; x_wconf 86' lang='lat' dir='ltr'>omnia</span> <span class='ocrx_word' id='word_1_115' title='bbox 451 2417 544 2504; x_wconf 89' lang='lat' dir='ltr'>huic</span> <span class='ocrx_word' id='word_1_116' title='bbox 556 2417 731 2504; x_wconf 86' lang='lat' dir='ltr'>examini</span> <span class='ocrx_word' id='word_1_117' title='bbox 741 2419 824 2523; x_wconf 87' lang='lat' dir='ltr'>jam</span> <span class='ocrx_word' id='word_1_118' title='bbox 836 2439 990 2502; x_wconf 86' lang='lat' dir='ltr'>matura</span> <span class='ocrx_word' id='word_1_119' title='bbox 1006 2417 1154 2507; x_wconf 75' lang='lat' dir='ltr'>essent,</span> <span class='ocrx_word' id='word_1_120' title='bbox 1184 2425 1360 2534; x_wconf 86' lang='lat' dir='ltr'>primum</span> <span class='ocrx_word' id='word_1_121' title='bbox 1378 2418 1424 2505; x_wconf 92' lang='lat' dir='ltr'>il·</span> 
     </span>
     <span class='ocr_line' id='line_1_18' title="bbox 164 2529 1421 2647; baseline 0.008 -33"><span class='ocrx_word' id='word_1_122' title='bbox 164 2530 238 2620; x_wconf 88' lang='lat' dir='ltr'>lius</span> <span class='ocrx_word' id='word_1_123' title='bbox 278 2532 595 2645; x_wconf 85' lang='lat' dir='ltr'>investigationis</span> <span class='ocrx_word' id='word_1_124' title='bbox 624 2531 825 2647; x_wconf 87' lang='lat' dir='ltr'>specimen</span> <span class='ocrx_word' id='word_1_125' title='bbox 857 2529 899 2614; x_wconf 88' lang='lat' dir='ltr'>in</span> <span class='ocrx_word' id='word_1_126' title='bbox 914 2530 978 2618; x_wconf 85' lang='lat' dir='ltr'>lua</span> <span class='ocrx_word' id='word_1_127' title='bbox 989 2533 1148 2619; x_wconf 90' lang='lat' dir='ltr'>ditione</span> <span class='ocrx_word' id='word_1_128' title='bbox 1163 2560 1342 2622; x_wconf 82' lang='lat' dir='ltr'>extaret.</span> <span class='ocrx_word' id='word_1_129' title='bbox 1373 2536 1421 2624; x_wconf 89' lang='lat' dir='ltr'>ld</span> 
     </span>
     <span class='ocr_line' id='line_1_19' title="bbox 163 2643 1420 2764; baseline 0.004 -34"><span class='ocrx_word' id='word_1_130' title='bbox 163 2643 379 2734; x_wconf 77' lang='lat' dir='ltr'>consilium</span> <span class='ocrx_word' id='word_1_131' title='bbox 410 2652 447 2734; x_wconf 88' lang='lat' dir='ltr'>ei</span> <span class='ocrx_word' id='word_1_132' title='bbox 475 2674 786 2764; x_wconf 84' lang='lat' dir='ltr'>peropportune</span> <span class='ocrx_word' id='word_1_133' title='bbox 818 2644 1053 2759; x_wconf 80' lang='lat' dir='ltr'>suggellerat</span> <span class='ocrx_word' id='word_1_134' title='bbox 1091 2651 1420 2739; x_wconf 78' lang='lat' dir='ltr'>Eminentissinrus</span> 
     </span>
     <span class='ocr_line' id='line_1_20' title="bbox 163 2760 1419 2857; baseline 0.006 -9"><span class='ocrx_word' id='word_1_135' title='bbox 163 2760 390 2852; x_wconf 76' lang='lat' dir='ltr'>Gardnnlis</span> <span class='ocrx_word' id='word_1_136' title='bbox 421 2765 567 2850; x_wconf 86' lang='lat' dir='ltr'>Silvius</span> <span class='ocrx_word' id='word_1_137' title='bbox 595 2765 827 2852; x_wconf 79' lang='lat' dir='ltr'>Valentius,</span> <span class='ocrx_word' id='word_1_138' title='bbox 859 2760 1199 2852; x_wconf 87' lang='lat' dir='ltr'>eidcmasccretis</span> <span class='ocrx_word' id='word_1_139' title='bbox 1221 2765 1419 2857; x_wconf 71' lang='lat' dir='ltr'>consiliis,</span> 
     </span>
     <span class='ocr_line' id='line_1_21' title="bbox 162 2877 1418 2992; baseline 0.006 -30"><span class='ocrx_word' id='word_1_140' title='bbox 162 2881 212 2963; x_wconf 91' lang='lat' dir='ltr'>de</span> <span class='ocrx_word' id='word_1_141' title='bbox 227 2879 342 2982; x_wconf 90' lang='lat' dir='ltr'>cujus</span> <span class='ocrx_word' id='word_1_142' title='bbox 359 2906 453 2991; x_wconf 86' lang='lat' dir='ltr'>erga</span> <span class='ocrx_word' id='word_1_143' title='bbox 466 2909 587 2968; x_wconf 89' lang='lat' dir='ltr'>omne</span> <span class='ocrx_word' id='word_1_144' title='bbox 612 2877 819 2968; x_wconf 84' lang='lat' dir='ltr'>literarum</span> <span class='ocrx_word' id='word_1_145' title='bbox 837 2907 959 2992; x_wconf 78' lang='lat' dir='ltr'>genus</span> <span class='ocrx_word' id='word_1_146' title='bbox 972 2879 1272 2990; x_wconf 86' lang='lat' dir='ltr'>propenfillimo</span> <span class='ocrx_word' id='word_1_147' title='bbox 1287 2885 1418 2970; x_wconf 88' lang='lat' dir='ltr'>studio</span> 
     </span>
     <span class='ocr_line' id='line_1_22' title="bbox 160 2993 1387 3110; baseline 0.006 -28"><span class='ocrx_word' id='word_1_148' title='bbox 160 2994 503 3110; x_wconf 84' lang='lat' dir='ltr'>supervacaneum</span> <span class='ocrx_word' id='word_1_149' title='bbox 518 2997 573 3080; x_wconf 86' lang='lat' dir='ltr'>est</span> <span class='ocrx_word' id='word_1_150' title='bbox 586 2994 692 3106; x_wconf 89' lang='lat' dir='ltr'>apud</span> <span class='ocrx_word' id='word_1_151' title='bbox 706 2999 861 3081; x_wconf 86' lang='lat' dir='ltr'>Orbem</span> <span class='ocrx_word' id='word_1_152' title='bbox 888 2993 1097 3078; x_wconf 84' lang='lat' dir='ltr'>literatum</span> <span class='ocrx_word' id='word_1_153' title='bbox 1122 3001 1242 3082; x_wconf 85' lang='lat' dir='ltr'>uerba</span> <span class='ocrx_word' id='word_1_154' title='bbox 1259 2995 1387 3086; x_wconf 86' lang='lat' dir='ltr'>facere</span> 
     </span>
     <span class='ocr_line' id='line_1_23' title="bbox 160 3107 1298 3223; baseline -0.002 -24"><span class='ocrx_word' id='word_1_155' title='bbox 160 3111 212 3200; x_wconf 91' lang='lat' dir='ltr'>Id</span> <span class='ocrx_word' id='word_1_156' title='bbox 228 3109 445 3222; x_wconf 85' lang='lat' dir='ltr'>quomodo</span> <span class='ocrx_word' id='word_1_157' title='bbox 462 3109 687 3223; x_wconf 80' lang='lat' dir='ltr'>perfeetum</span> <span class='ocrx_word' id='word_1_158' title='bbox 701 3107 773 3198; x_wconf 77' lang='lat' dir='ltr'>fit,</span> <span class='ocrx_word' id='word_1_159' title='bbox 800 3109 988 3223; x_wconf 85' lang='lat' dir='ltr'>deinceps</span> <span class='ocrx_word' id='word_1_160' title='bbox 1005 3107 1298 3198; x_wconf 80' lang='lat' dir='ltr'>declarabitur.</span> 
     </span>
    </p>
   </div>
   <div class='ocr_carea' id='block_1_2' title="bbox 355 3339 1226 3432">
    <p class='ocr_par' dir='ltr' id='par_1_2' title="bbox 355 3339 1226 3432">
     <span class='ocr_line' id='line_1_24' title="bbox 355 3339 1226 3432; baseline 0.005 -6"><span class='ocrx_word' id='word_1_161' title='bbox 355 3339 839 3430; x_wconf 83' lang='lat' dir='ltr'>ARTICULUS</span> <span class='ocrx_word' id='word_1_162' title='bbox 898 3345 1226 3432; x_wconf 83' lang='lat' dir='ltr'><strong>PRIMUS.</strong></span> 
     </span>
    </p>
   </div>
   <div class='ocr_carea' id='block_1_3' title="bbox 468 3577 1110 3692">
    <p class='ocr_par' dir='ltr' id='par_1_3' title="bbox 468 3577 1110 3692">
     <span class='ocr_line' id='line_1_25' title="bbox 468 3577 1110 3692; baseline -0.003 -28"><span class='ocrx_word' id='word_1_163' title='bbox 468 3579 526 3664; x_wconf 83' lang='lat' dir='ltr'>De</span> <span class='ocrx_word' id='word_1_164' title='bbox 538 3577 736 3692; x_wconf 72' lang='lat' dir='ltr'>Apparere</span> <span class='ocrx_word' id='word_1_165' title='bbox 752 3579 1085 3667; x_wconf 65' lang='lat' dir='ltr'>instrumentorum</span> <span class='ocrx_word' id='word_1_166' title='bbox 1100 3641 1110 3662; x_wconf 90' lang='lat'><strong>.</strong></span> 
     </span>
    </p>
   </div>
   <div class='ocr_carea' id='block_1_4' title="bbox 160 3737 1660 4750">
    <p class='ocr_par' dir='ltr' id='par_1_4' title="bbox 1477 3737 1494 3796">
     <span class='ocr_line' id='line_1_26' title="bbox 1477 3737 1494 3796; baseline 0 0"><span class='ocrx_word' id='word_1_167' title='bbox 1477 3737 1494 3796; x_wconf 76' lang='lat' dir='ltr'>s</span> 
     </span>
    </p>

    <p class='ocr_par' dir='ltr' id='par_1_5' title="bbox 161 3814 1415 3998">
     <span class='ocr_line' id='line_1_27' title="bbox 161 3814 1415 3998; baseline 0.001 -96"><span class='ocrx_word' id='word_1_168' title='bbox 161 3823 258 3998; x_wconf 87' lang='lat' dir='ltr'>D</span> <span class='ocrx_word' id='word_1_169' title='bbox 276 3816 419 3904; x_wconf 87' lang='lat' dir='ltr'>Uobus</span> <span class='ocrx_word' id='word_1_170' title='bbox 433 3823 636 3937; x_wconf 80' lang='lat' dir='ltr'>praecipue</span> <span class='ocrx_word' id='word_1_171' title='bbox 663 3819 932 3908; x_wconf 82' lang='lat' dir='ltr'>instrumentis</span> <span class='ocrx_word' id='word_1_172' title='bbox 947 3819 986 3900; x_wconf 92' lang='lat' dir='ltr'>in</span> <span class='ocrx_word' id='word_1_173' title='bbox 1002 3817 1082 3904; x_wconf 90' lang='lat' dir='ltr'>hoc</span> <span class='ocrx_word' id='word_1_174' title='bbox 1099 3818 1269 3928; x_wconf 85' lang='lat' dir='ltr'>negotio</span> <span class='ocrx_word' id='word_1_175' title='bbox 1287 3814 1340 3903; x_wconf 79' lang='lat' dir='ltr'>uss</span> <span class='ocrx_word' id='word_1_176' title='bbox 1354 3817 1415 3903; x_wconf 88' lang='lat' dir='ltr'>su-</span> 
     </span>
    </p>

    <p class='ocr_par' dir='ltr' id='par_1_6' title="bbox 161 3937 1416 4490">
     <span class='ocr_line' id='line_1_28' title="bbox 290 3937 1414 4060; baseline 0.005 -44"><span class='ocrx_word' id='word_1_177' title='bbox 290 3961 403 4030; x_wconf 88' lang='lat' dir='ltr'>mus,</span> <span class='ocrx_word' id='word_1_178' title='bbox 438 3940 674 4060; x_wconf 80' lang='lat' dir='ltr'>Qradrante</span> <span class='ocrx_word' id='word_1_179' title='bbox 700 3937 990 4022; x_wconf 84' lang='lat' dir='ltr'>Astronomico</span> <span class='ocrx_word' id='word_1_180' title='bbox 1016 3937 1258 4021; x_wconf 61' lang='lat' dir='ltr'>&amp;tectore</span> <span class='ocrx_word' id='word_1_181' title='bbox 1288 3939 1414 4042; x_wconf 89' lang='lat' dir='ltr'>Hujus</span> 
     </span>
     <span class='ocr_line' id='line_1_29' title="bbox 161 4049 1416 4170; baseline 0 -36"><span class='ocrx_word' id='word_1_182' title='bbox 161 4049 385 4165; x_wconf 84' lang='lat' dir='ltr'>longitudo</span> <span class='ocrx_word' id='word_1_183' title='bbox 411 4077 497 4138; x_wconf 84' lang='lat' dir='ltr'>erat</span> <span class='ocrx_word' id='word_1_184' title='bbox 515 4053 665 4170; x_wconf 88' lang='lat' dir='ltr'>pedum</span> <span class='ocrx_word' id='word_1_185' title='bbox 690 4081 834 4140; x_wconf 85' lang='lat' dir='ltr'>novem</span> <span class='ocrx_word' id='word_1_186' title='bbox 865 4049 1158 4140; x_wconf 68' lang='lat' dir='ltr'>parisiensium,</span> <span class='ocrx_word' id='word_1_187' title='bbox 1186 4074 1279 4135; x_wconf 90' lang='lat' dir='ltr'>cum</span> <span class='ocrx_word' id='word_1_188' title='bbox 1306 4049 1416 4136; x_wconf 89' lang='lat' dir='ltr'>lami·</span> 
     </span>
     <span class='ocr_line' id='line_1_30' title="bbox 162 4163 1416 4288; baseline 0.006 -41"><span class='ocrx_word' id='word_1_189' title='bbox 162 4193 215 4249; x_wconf 86' lang='lat' dir='ltr'>na</span> <span class='ocrx_word' id='word_1_190' title='bbox 229 4163 360 4281; x_wconf 85' lang='lat' dir='ltr'>pedali</span> <span class='ocrx_word' id='word_1_191' title='bbox 375 4168 617 4257; x_wconf 83' lang='lat' dir='ltr'>transversa.</span> <span class='ocrx_word' id='word_1_192' title='bbox 652 4170 899 4288; x_wconf 77' lang='lat' dir='ltr'>Quadrantis</span> <span class='ocrx_word' id='word_1_193' title='bbox 926 4167 1078 4254; x_wconf 80' lang='lat' dir='ltr'>Radius</span> <span class='ocrx_word' id='word_1_194' title='bbox 1096 4181 1176 4254; x_wconf 83' lang='lat' dir='ltr'>trc&#39;s</span> <span class='ocrx_word' id='word_1_195' title='bbox 1200 4168 1320 4283; x_wconf 89' lang='lat' dir='ltr'>pedes</span> <span class='ocrx_word' id='word_1_196' title='bbox 1347 4172 1416 4253; x_wconf 83' lang='lat' dir='ltr'>Pa·-</span> 
     </span>
     <span class='ocr_line' id='line_1_31' title="bbox 164 4275 1415 4401; baseline 0.005 -36"><span class='ocrx_word' id='word_1_197' title='bbox 164 4275 336 4388; x_wconf 80' lang='lat' dir='ltr'>rifienses</span> <span class='ocrx_word' id='word_1_198' title='bbox 347 4287 528 4372; x_wconf 90' lang='lat' dir='ltr'>nonnihil</span> <span class='ocrx_word' id='word_1_199' title='bbox 543 4281 1313 4401; x_wconf 81' lang='lat' dir='ltr'>superabat.Utrumqueinstrumentum</span> <span class='ocrx_word' id='word_1_200' title='bbox 1325 4287 1415 4374; x_wconf 42' lang='lat' dir='ltr'>bre-¹</span> 
     </span>
     <span class='ocr_line' id='line_1_32' title="bbox 166 4399 884 4490; baseline 0.011 -11"><span class='ocrx_word' id='word_1_201' title='bbox 166 4399 276 4482; x_wconf 83' lang='lat' dir='ltr'>viter</span> <span class='ocrx_word' id='word_1_202' title='bbox 289 4399 365 4484; x_wconf 90' lang='lat' dir='ltr'>hoc</span> <span class='ocrx_word' id='word_1_203' title='bbox 381 4401 477 4487; x_wconf 89' lang='lat' dir='ltr'>loco</span> <span class='ocrx_word' id='word_1_204' title='bbox 489 4403 793 4490; x_wconf 86' lang='lat' dir='ltr'>describendum</span> <span class='ocrx_word' id='word_1_205' title='bbox 807 4406 884 4488; x_wconf 89' lang='lat' dir='ltr'>est.</span> 
     </span>
    </p>

    <p class='ocr_par' dir='ltr' id='par_1_7' title="bbox 232 4515 1660 4644">
     <span class='ocr_line' id='line_1_33' title="bbox 232 4515 1660 4644; baseline 0.004 -46"><span class='ocrx_word' id='word_1_206' title='bbox 232 4539 267 4598; x_wconf 92' lang='lat'>1.</span> <span class='ocrx_word' id='word_1_207' title='bbox 299 4520 504 4638; x_wconf 81' lang='lat' dir='ltr'>Qsadrans</span> <span class='ocrx_word' id='word_1_208' title='bbox 520 4524 745 4606; x_wconf 86' lang='lat' dir='ltr'>nosternon</span> <span class='ocrx_word' id='word_1_209' title='bbox 760 4522 809 4605; x_wconf 87' lang='lat' dir='ltr'>ab</span> <span class='ocrx_word' id='word_1_210' title='bbox 831 4515 1005 4604; x_wconf 89' lang='lat' dir='ltr'>Artifice</span> <span class='ocrx_word' id='word_1_211' title='bbox 1021 4515 1160 4634; x_wconf 82' lang='lat' dir='ltr'>aliquo</span> <span class='ocrx_word' id='word_1_212' title='bbox 1178 4521 1219 4601; x_wconf 93' lang='lat' dir='ltr'>in</span> <span class='ocrx_word' id='word_1_213' title='bbox 1235 4520 1414 4628; x_wconf 85' lang='lat' dir='ltr'>hujusce·</span> <span class='ocrx_word' id='word_1_214' title='bbox 1432 4575 1470 4628; x_wconf 59' lang='grc' dir='ltr'>Β,</span> <span class='ocrx_word' id='word_1_215' title='bbox 1489 4569 1660 4644; x_wconf 51' lang='lat' dir='ltr'>Qfflmm</span> 
     </span>
    </p>

    <p class='ocr_par' dir='ltr' id='par_1_8' title="bbox 160 4629 1416 4750">
     <span class='ocr_line' id='line_1_34' title="bbox 160 4629 1416 4750; baseline 0.002 -37"><span class='ocrx_word' id='word_1_216' title='bbox 160 4629 278 4715; x_wconf 88' lang='lat' dir='ltr'>modi</span> <span class='ocrx_word' id='word_1_217' title='bbox 293 4639 411 4722; x_wconf 87' lang='lat' dir='ltr'>rebus</span> <span class='ocrx_word' id='word_1_218' title='bbox 423 4642 648 4724; x_wconf 73' lang='lat' dir='ltr'>exercitato</span> <span class='ocrx_word' id='word_1_219' title='bbox 667 4697 678 4730; x_wconf 89' lang='lat'><strong>,</strong></span> <span class='ocrx_word' id='word_1_220' title='bbox 703 4636 836 4750; x_wconf 80' lang='lat' dir='ltr'>quales</span> <span class='ocrx_word' id='word_1_221' title='bbox 851 4641 995 4722; x_wconf 84' lang='lat' dir='ltr'>Rornae</span> <span class='ocrx_word' id='word_1_222' title='bbox 1024 4667 1189 4750; x_wconf 85' lang='lat' dir='ltr'>perraro</span> <span class='ocrx_word' id='word_1_223' title='bbox 1205 4638 1416 4720; x_wconf 83' lang='lat' dir='ltr'>inveniun-</span> 
     </span>
    </p>
   </div>
   <div class='ocr_carea' id='block_1_5' title="bbox 160 4747 1418 4983">
    <p class='ocr_par' dir='ltr' id='par_1_9' title="bbox 160 4747 1418 4983">
     <span class='ocr_line' id='line_1_35' title="bbox 160 4747 1414 4950; baseline -0.01 -104"><span class='ocrx_word' id='word_1_224' title='bbox 160 4767 258 4846; x_wconf 89' lang='lat' dir='ltr'>tur,</span> <span class='ocrx_word' id='word_1_225' title='bbox 288 4747 358 4839; x_wconf 86' lang='lat' dir='ltr'>sed</span> <span class='ocrx_word' id='word_1_226' title='bbox 389 4788 413 4844; x_wconf 92' lang='lat' dir='ltr'>a</span> <span class='ocrx_word' id='word_1_227' title='bbox 454 4755 672 4860; x_wconf 85' lang='lat' dir='ltr'>Sacerdote</span> <span class='ocrx_word' id='word_1_228' title='bbox 701 4753 877 4870; x_wconf 85' lang='lat' dir='ltr'>quodam</span> <span class='ocrx_word' id='word_1_229' title='bbox 902 4749 1144 4844; x_wconf 82' lang='lat' dir='ltr'>Veronenli,</span> <span class='ocrx_word' id='word_1_230' title='bbox 1174 4756 1240 4836; x_wconf 87' lang='lat' dir='ltr'>cui</span> <span class='ocrx_word' id='word_1_231' title='bbox 1266 4778 1414 4950; x_wconf 72' lang='lat' dir='ltr'>npnren</span> 
     </span>
     <span class='ocr_line' id='line_1_36' title="bbox 1322 4897 1418 4983; baseline 0.021 -31"><span class='ocrx_word' id='word_1_232' title='bbox 1322 4897 1418 4983; x_wconf 86' lang='lat' dir='ltr'>ugu-</span> 
     </span>
    </p>
   </div>
   <div class='ocr_carea' id='block_1_6' title="bbox 0 0 2094 5748">
    <p class='ocr_par' dir='ltr' id='par_1_10' title="bbox 0 0 2094 5748">
     <span class='ocr_line' id='line_1_37' title="bbox 0 0 2094 5748; baseline 0 9"><span class='ocrx_word' id='word_1_233' title='bbox 0 0 2094 5748; x_wconf 95' lang='lat' dir='ltr'> </span> 
     </span>
    </p>
   </div>
  </div>
 </body>
</html>
