4156 5752
267 699 271 709 .
529 611 1079 706 SECUNDUM:
1344 635 1426 709 16}

172 741 383 830 ·uobiserit
398 733 512 822 halce
528 736 781 838 conjecturas
812 734 1005 818 duntaxat
1034 729 1198 818 innuisse
1214 759 1328 826 ,cum
1342 765 1424 825 non

174 859 266 944 alius
297 849 502 968 praesentis
518 849 690 941 instituti
707 850 849 964 scopus
864 843 911 932 stt
927 905 937 938 ,
951 878 1069 962 quam
1084 847 1264 965 expofita
1275 851 1423 937 Obser-

174 974 381 1059 vationum
398 965 523 1063 lerie,
553 967 696 1082 gradus
721 961 943 1052 mensuram
958 993 1009 1058 ex
1024 965 1160 1080 eadem
1185 971 1421 1080 provenien·

168 1111 249 1173 tem
264 1085 462 1174 stabilire.
1192 1081 1195 1090 ’

220 1235 239 1308 ς
249 1239 287 1316 3.
305 1201 575 1291 Refractionls
594 1198 731 1286 tabula
748 1196 802 1283 usr
818 1195 946 1286 sumus
959 1228 1021 1302 ea,
1033 1229 1120 1310 quae
1135 1204 1176 1283 in
1189 1201 1415 1288 Caffinlano
1453 1234 1665 1296 ueremur-aa
1763 1199 1764 1202 Ὺ

166 1317 244 1406 illo
258 1347 384 1432 opero
407 1323 633 1430 reperitur.
659 1314 1169 1402 Namllcetrefraelionem
1185 1317 1294 1402 illam
1308 1326 1417 1404 odla-

164 1465 212 1522 νει
243 1435 301 1519 sui
328 1457 442 1554 parte
468 1431 780 1519 muletaffemur,
816 1433 974 1515 Gradus
996 1429 1176 1515 mensura
1201 1438 1269 1518 vix
1301 1432 1417 1549 supra

168 1553 263 1636 duaa
277 1553 511 1662 Hexapedas
530 1547 785 1633 excrevillet.
815 1551 957 1631 Parum
973 1549 1098 1656 igitur
1115 1551 1304 1643 interest,
1332 1579 1416 1662 quo

163 1665 450 1754 refrac⁰rionum
484 1691 628 1775 genere
659 1685 819 1747 utamur
850 1715 862 1749 ,
895 1661 1119 1747 dummodo
1147 1663 1285 1748 Stellas
1312 1659 1448 1748 haud

181 1781 356 1867 multum
373 1782 556 1862 avertite
571 1803 743 1863 remotas
756 1775 962 1888 seligemus
980 1803 1219 1888 :quanquam
1233 1781 1340 1862 enim
1355 1809 1416 1862 re-

177 1896 327 1980 iradlio
346 1898 385 1976 in
400 1897 533 1978 eadem
553 1893 783 1980 Altitudine
797 1919 890 1972 cum
918 1893 1034 1973 Aeris
1057 1890 1246 1974 densrtate
1269 1897 1416 1975 variari

173 2007 327 2098 soleat,
360 2033 493 2102 tamen
508 2011 547 2088 in
564 2005 759 2116 ejusmodi
774 2004 896 2108 stellis
908 2005 1083 2101 variatio
1101 2004 1171 2097 illa
1198 2009 1239 2090 in
1264 2002 1414 2096 sensum
1480 2027 1482 2032 '

163 2125 571 2246 cuderenonpotest‚

447 2327 1128 2452 aurrcutuaru

267 2601 324 2682 De
351 2591 547 2682 altitudine
572 2601 761 2683 Montium
790 2604 831 2677 z'n
848 2589 1073 2706 supradictis
1091 2589 1300 2704 Triangulr's
1459 2642 1463 2647 ‚

635 2716 907 2799 occurrentium
925 2773 933 2791 .

1422 3039 1658 3098 omniurnladrsio·
1783 3055 1787 3063 “

152 2965 220 3049 ς4.
257 2949 367 3123 Μ
384 2945 792 3035 Ontiurrromnium‚
817 2964 1021 3057 quotquot
1035 2947 1075 3026 in
1089 2941 1248 3026 ditione
1261 2941 1404 3026 Ponti·
1456 2960 1530 3018 non·
1556 2965 1658 3038 suyu,

400 3056 493 3146 ficia
520 3063 811 3149 continentur,
841 3059 1067 3142 editiffimus
1082 3058 1136 3141 est
1151 3085 1268 3166 quem
1282 3061 1402 3144 Mon·
1421 3130 1453 3166 ,ς
1475 3121 1608 3178 mm
1618 3121 1658 3178 a.

144 3195 240 3260 tem
254 3173 415 3286 Sibyllae
434 3178 668 3280 nominant.
705 3171 782 3258 Hie
797 3177 929 3262 enim,
961 3197 1006 3256 ut
1024 3175 1144 3256 certis
1160 3177 1403 3288 experimen·
1428 3195 1548 3272 trumo,
1747 3191 1878 3350 &K

141 3298 205 3372 tls
224 3288 481 3401 exploratum
494 3290 623 3372 habeo
640 3346 651 3379 ,
669 3287 781 3374 mille
794 3291 1021 3401 quingentis
1035 3289 1225 3401 pallrbus,
1261 3296 1306 3377 &
1325 3287 1407 3374 for·

144 3400 250 3488 taffe
268 3402 478 3514 aliquanto
491 3402 688 3513 amplius,
713 3399 828 3516 supra
840 3406 963 3487 Maris
980 3402 1228 3516 superficiem
1245 3405 1405 3492 attolli·

147 3539 245 3611 tur.
277 3523 422 3629 Neque
440 3541 571 3603 tarneu
584 3521 666 3624 ejus
683 3517 951 3603 Altitudlnem
982 3543 1163 3604 accurate
1187 3519 1416 3606 definiendi·
1475 3573 1478 3580 ·

144 3632 234 3718 ulla
248 3631 342 3717 satis
358 3634 578 3719 commoda
590 3631 748 3718 occasio
761 3636 855 3718 data
871 3639 953 3727 est,
982 3660 1198 3750 propterea
1212 3639 1323 3749 quod
1340 3642 1408 3721 be·

142 3775 194 3832 ne
212 3749 341 3860 longo
358 3747 577 3832 intervallo
589 3774 704 3834 extra
717 3749 1022 3864 Triangulorum
1037 3751 1270 3834 'nostrorum
1296 3751 1405 3836 limi,

143 3885 208 3948 tes
220 3865 478 3953 collocetur,
496 3867 752 3974 nequenobis
766 3869 920 3950 interea
931 3868 1119 3979 cognitus
1133 3863 1254 3952 fuerit
1271 3927 1283 3959 ,
1307 3870 1404 3950 dum

146 3981 193 4060 in
211 3983 260 4062 iis
277 3979 531 4063 dimetiendis
547 4009 857 4094 occuparemur.
875 3985 965 4064 Huc
978 3982 1135 4064 accedit
1155 4040 1167 4074 ,
1185 3983 1404 4096 quodcum

147 4096 195 4176 in
216 4096 381 4206 Angulis
395 4095 726 4200 Hor-izontalibus
739 4099 943 4208 capiendis
957 4119 1091 4192 toturn
1108 4094 1187 4183 fere
1207 4103 1405 4212 temporis

145 4206 325 4319 spatium
341 4240 447 4322 ,quo
460 4217 501 4295 in
515 4213 723 4298 Montibus
740 4215 885 4296 haerere
898 4214 1030 4307 licuit,
1043 4237 1252 4300 conterere
1270 4212 1405 4300 neces·

151 4322 197 4406 se
215 4322 463 4411 habuerimus
481 4359 492 4421 3
522 4355 722 4412 neeorum
741 4329 902 4442 quidem
921 4333 991 4441 qui
1009 4331 1058 4414 ad
1083 4329 1300 4446 Triangula
1328 4360 1403 4417 no·

146 4440 232 4523 lira
248 4444 474 4550 pertinent,
503 4445 759 4530 altitudinem
775 4473 824 4528 ex
840 4443 941 4530 locis
956 4447 1138 4530 omnibus
1153 4449 1256 4530 unde
1277 4475 1404 4561 opor-

148 4553 294 4637 tuill'et
308 4611 319 4642 ,
335 4559 539 4671 explorare
556 4567 829 4672 potuerimus,
855 4583 902 4646 ut
915 4561 1075 4648 minime
1088 4563 1233 4651 mirum
1246 4560 1292 4648 fit
1307 4565 1400 4644 alias

145 4669 422 4757 Altitudines·
438 4679 484 4760 ad
512 4678 643 4762 isthaec
669 4677 886 4794 Triangula
912 4685 1074 4765 minime
1102 4684 1348 4794 pertinentes
1376 4709 1399 4765 a

141 4787 263 4875 nobis
278 4790 551 4906 pretermillas
565 4793 695 4884 luiffe.
717 4841 721 4848 -
1337 4840 1341 4848 ’
1366 4808 1370 4816 ’
1392 4859 1400 4872 ·

195 4949 216 4962 ··
726 4913 765 4994 X
1208 4923 1395 5040 55.Apex
