4132 5766
335 3159 338 3165 .
409 3106 638 3171 determinatione.

663 593 749 672 260
965 579 1573 666 ,OPUSCULUM'

434 731 587 792 ortmann
609 729 662 788 n·-
729 706 821 810 136.
850 695 937 782 Hac
957 689 1248 782 ‚observatione
1269 697 1431 806 perac⁰ta
1447 681 1667 780 notabatur
1681 687 1834 807 posstio
1866 689 1921 780 fili

417 813 512 946 ffl‘l‘
532 810 831 943 ‘iffijfgpenduli
846 812 928 900 CM
938 805 1121 925 respectu
1148 810 1306 894 laminae
1332 808 1499 896 mobilia
1518 806 1622 896 aa,
1658 809 1925 897 determinan-

416 908 528 1023 nitar?
662 932 720 1020 do
735 931 815 1037 ejus
830 926 1060 1012 distantiam
1084 926 1257 1012 amedio
1271 925 1428 1016 limbo,
1453 920 1744 1012 fiveaseetoris
1775 923 1917 1016 r‘adio.

661 1051 810 1136 Statim
842 1067 976 1128 autern
1007 1046 1205 1155 patebat,
1230 1068 1334 1156 quot
1363 1045 1543 1157 partibus
1568 1044 1735 1154 integris
1763 1068 1813 1124 ex
1837 1043 1917 1128 illis

494 1227 505 1244 ,
547 1244 551 1250 ,
660 1193 746 1265 72,
784 1167 823 1246 in
833 1190 927 1274 quas
941 1157 1086 1244 divisus
1101 1157 1227 1245 fuerat
1239 1189 1306 1274 pes
1331 1156 1601 1273 ipfiuslineae‚
1623 1159 1784 1244 distaret
1802 1223 1828 1278 ,ἱ
1846 1161 1919 1246 Sed

577 1320 581 1328 ·
656 1283 1079 1394 quoniamnunquam
1107 1279 1284 1365 accidit,
1319 1299 1365 1360 ut
1378 1275 1565 1360 distantia
1580 1271 1755 1385 aliquem
1784 1303 1921 1362 earum

657 1399 837 1514 partium
863 1421 1068 1478 numerum
1098 1414 1285 1477 accurate
1302 1394 1562 1478 continerer,
1597 1395 1920 1502 promovebatur

656 1511 741 1628 ipsu
770 1512 918 1598 lamina
945 1509 1108 1594 mobilia
1135 1565 1146 1598 ‚
1177 1510 1306 1596 donec
1332 1508 1521 1623 proxima
1549 1499 1692 1591 divisro
1730 1531 1919 1594 accurate

657 1659 750 1716 cum
765 1624 836 1714 filo
850 1625 1012 1741 penduli
1041 1649 1312 1738 congrueret,
1342 1623 1525 1710 notando
1538 1621 1759 1734 diligenter
1779 1679 1791 1712 ‚
1809 1648 1916 1738 quot

655 1743 933 1832 converfionea
948 1745 1136 1852 integrae,
1164 1737 1479 1856 &quotexillis
1500 1753 1577 1850 180
1604 1742 1786 1853 partibus
1815 1769 1918 1826 con·

655 1859 870 1952 verbonis,
887 1889 982 1974 quas
997 1859 1160 1944 exbibet
1175 1854 1316 1970 figura,
1331 1857 1628 1970 requirerentur
1647 1853 1697 1938 ad
1712 1853 1918 1960 ejusmodi

654 1981 988 2092 congruentiam.
1011 1975 1047 2058 Ia
1065 1969 1367 2062 conrerfionum
1382 2030 1394 2062 ‚
1410 1967 1756 2084 &particularum
1780 2001 1921 2060 nume·

653 2123 719 2178 rus
735 2092 938 2178 addendus
953 2111 1039 2176 erat
1049 2119 1218 2176 numero
1231 2093 1411 2205 partium
1427 2091 1669 2197 integrarum
1686 2145 1699 2180 ,
1714 2091 1784 2176 ubi
1803 2087 1918 2176 filum

656 2209 817 2294 caderet
831 2205 961 2295 versus
974 2205 1133 2320 plagam
1145 2202 1216 2295 E'2
1245 2207 1414 2320 inquam
1429 2204 1603 2288 medium
1631 2201 1800 2290 lamellae
1832 2236 1918 2291 mo·

655 2321 748 2410 bilis
755 2327 968 2522 procurrit
981 2320 1087 2408 ultra
1113 2319 1289 2406 medium
1305 2323 1418 2406 limbi
1437 2373 1451 2409 x‚
1474 2319 1834 2408 &demenduaubi
1866 2327 1921 2436 ip

655 2435 741 2534 lum
785 2439 869 2526 lum
883 2440 1045 2526 caderet
1060 2432 1189 2525 versus
1206 2441 1239 2522 E
1255 2493 1267 2526 ,
1290 2467 1384 2522 cum
1399 2439 1439 2520 in
1451 2435 1588 2548 primo
1604 2429 1695 2520 casu
1708 2464 1761 2521 eo
1778 2465 1919 2524 nume·

652 2585 703 2640 ro
717 2554 1049 2644 converfionurm
1079 2557 1124 2640 δι
1137 2552 1427 2667 particularum
1440 2554 1556 2636 unius
1570 2552 1843 2641 couverfionia
1858 2555 1916 2640 di-

653 2671 728 2759 stet
745 2667 858 2756 filum
885 2669 1049 2784 penduli
1066 2671 1227 2784 magisa
1251 2671 1387 2756 medio
1415 2667 1558 2756 limbi,
1585 2693 1707 2778 quam
1736 2671 1914 2759 amedio

654 2783 809 2874 laminae
821 2785 1008 2877 mobilia,
1025 2790 1066 2870 in
1082 2783 1257 2890 secundo
1273 2789 1405 2870 minua
1423 2851 1430 2868 .

408 2951 643 3014 mm„
720 2935 812 3016 137.
847 2913 944 3030 Quo
962 2905 1111 2989 certius
1127 2897 1437 3017 cognosceretur
1456 2899 1592 2988 dehac
1608 2908 1881 3016 congruentia
1899 2961 1909 2996 2

409 3049 560 3088 neutrum
587 3033 640 3098 eiu·
652 3024 694 3105 in
709 3025 849 3135 primis
862 3020 1129 3106 adhibebatur
1141 3019 1224 3104 lens
1251 3016 1469 3104 admodum
1485 3047 1692 3109 convexa,
1719 3023 1912 3110 &limbo

649 3139 802 3224 adnexa
816 3141 874 3222 ita
914 3161 961 3222 ut
977 3139 1019 3219 in
1034 3165 1085 3221 eo
1098 3131 1173 3220 srtu
1193 3191 1205 3226 ‚
1222 3136 1262 3218 in
1275 3163 1360 3249 quo
1376 3164 1478 3248 opus
1492 3133 1583 3222 elset
1601 3191 1613 3224 ,
1643 3159 1821 3224 maneret
1839 3143 1915 3224 im·

646 3274 761 3340 mota
785 3281 796 3334 :
819 3195 1101 3366 appionebatur
1124 3274 1258 3340 autem
1281 3250 1332 3336 ad
1354 3251 1687 3366 perpendiculum
1715 3253 1838 3370 supra
1874 3252 1912 3340 fi-

644 3369 730 3454 lum
745 3367 937 3482 penduli.
969 3368 1128 3453 Deinde
1142 3371 1332 3482 quoniam
1359 3366 1474 3454 filum
1486 3391 1571 3454 erat
1584 3369 1751 3484 quidem
1773 3373 1904 3458 limbo

646 3485 1027 3601 quamproximum,
1056 3480 1219 3577 sedita,
1237 3480 1424 3598 utiplum
1443 3513 1522 3573 nou
1542 3488 1831 3602 contingeret,
1850 3511 1898 3572 ut

645 3602 770 3690 libere
793 3603 983 3686 nimirum
1008 3598 1201 3714 penderet
1223 3656 1234 3690 ,
1255 3623 1302 3686 ut
1332 3631 1451 3688 omne
1465 3601 1715 3717 parallaxeos
1745 3607 1903 3718 pericu·

539 3715 540 3718 ‘
649 3715 736 3804 lum
750 3721 1000 3809 evitaretur,
1030 3715 1155 3828 oculo
1172 3719 1279 3832 priua
1305 3718 1657 3806 inlatuaretradlo
1685 3725 1907 3810 notabatur

650 3828 850 3926 beblum,
877 3835 922 3917 dc
936 3837 1071 3948 imago
1085 3829 1210 3919 filiex
1224 3831 1447 3921 reflexione
1461 3838 1503 3918 in
1516 3834 1598 3921 levi
1611 3837 1910 3924 aurichalcbica

651 3946 767 4035 limbi
782 3945 960 4039 lamina,
989 3975 1076 4062 quae
1089 3943 1203 4034 filum
1220 3946 1351 4062 ipsum
1364 3950 1628 4066 duplicabat,
1655 3976 1742 4040 tum
1770 3953 1913 4042 oculus
2053 3957 2054 3962 '

650 4061 781 4151 uersus
795 4067 974 4150 medium
987 4065 1252 4158 movebatur,
1282 4067 1412 4152 donec
1426 4065 1554 4181 ipsum
1570 4064 1914 4185 filum'imagineru

649 4175 758 4266 suam
775 4183 933 4295 penitus
949 4203 1130 4293 tegerem
1159 4204 1245 4267 tum
1261 4186 1368 4268 enim
1396 4208 1517 4272 certo
1531 4187 1740 4274 constabat
1757 4191 1914 4274 rectam
2052 4277 2053 4284 Ν

649 4299 703 4384 ab
718 4293 843 4383 oculo
858 4325 929 4411 per
948 4293 1063 4382 filum
1091 4295 1253 4384 dudam
1275 4297 1348 4383 elle
1368 4297 1438 4414 ipsr
1453 4300 1581 4384 limbo
1604 4301 1910 4416 perpendicula·

647 4439 733 4496 rem
747 4467 759 4502 ‚
773 4439 846 4497 nec
863 4411 989 4500 ullum
1002 4410 1250 4527 patallaxeos
1267 4416 1405 4502 haberi
1418 4415 1604 4500 effectum
1621 4487 1629 4504 .
1657 4423 1836 4522 Demum
1848 4418 1913 4504 ali·

645 4527 809 4641 quando
822 4529 956 4615 altere
982 4533 1098 4616 nobis
1125 4557 1198 4642 per
1213 4531 1361 4616 lentem
1393 4529 1677 4645 transpiciebtt
1694 4529 1835 4630 filum,
1867 4540 1910 4623 δι

644 4637 880 4731 divifiouem
893 4642 1048 4732 laminae
1063 4701 1076 4736 ι
1090 4643 1191 4730 alter
1201 4645 1341 4739 leuto,
1373 4645 1441 4734 led
1461 4647 1659 4751 continuo
1682 4678 1803 4738 motu
1819 4681 1913 4768 pro·

642 4763 835 4852 movebat
844 4759 1032 4868 laminam
1045 4758 1270 4861 mobilem,
1303 4768 1431 4868 denec
1448 4769 1500 4852 ab
1526 4766 1658 4867 altero
1684 4796 1908 4884 congrum·

659 4935 665 4946 .
859 4923 862 4936 ·
1286 4937 1297 4952 -
1808 4910 1904 4970 tram
