4132 5766
677 647 763 736 3m
1024 617 1592 707 opusculum

675 765 809 833 autem
822 733 1633 853 pertinetadobsrr'rationesangulorum
1648 737 1945 852 pertinentium

676 863 727 951 ad
741 855 946 970 triangula
958 855 1146 970 poligoni
1167 857 1234 948 ,δι
1247 854 1517 941 altitudinum
1533 851 1649 966 supra
1662 852 1943 953 horizontem,

675 971 1187 1089 ueldepreslionum'insra,
1221 971 1442 1065 admodum
1454 971 1672 1062 commode
1687 970 1784 1060 illud
1797 975 1866 1060 hle
1879 1007 1944 1062 ac·

678 1093 810 1186 cidit,
833 1091 944 1207 quod
974 1089 1105 1204 anguli
1139 1092 1319 1202 priores,
1343 1120 1519 1204 quorum
1546 1089 1684 1176 multo
1710 1095 1944 1178 accuratior

678 1210 965 1302 determinatio
982 1209 1199 1321 requiritur
1216 1248 1228 1300 ,·
1256 1208 1390 1295 multo
1407 1209 1794 1298 itidemeccnratius
1807 1209 1942 1297 eleter-

680 1333 884 1418 minentur
905 1353 1081 1416 ,contra
1093 1355 1193 1414 vero
1213 1325 1448 1416 altitudines
1467 1324 1572 1415 illae,
1589 1329 1634 1412 dt
1648 1323 1934 1440 depressiones,

430 1475 584 1539 cunano
605 1485 690 1546 qus„
742 1476 769 1534 2
776 1459 840 1550 56.
876 1447 939 1528 Ad
956 1443 1121 1532 illorum
1136 1444 1379 1558 angulorum
1392 1441 1934 1532 observationemcollocau·

435 1553 669 1688 Ὓζζζίξζῃξξξζ
683 1566 755 1654 dus
774 1566 830 1652 est
843 1563 1038 1676 inprimis
1055 1563 1250 1677 quadrans
1268 1562 1483 1668 ita,utejns
1494 1558 1659 1676 planum
1677 1557 1849 1646 transeat
1861 1589 1937 1674 per

435 1713 518 1786 ,nr
537 1707 670 1764 totae,
685 1709 897 1794 utrumque
912 1683 1120 1788 objectum
1133 1674 1490 1772 observandum‚ut
1504 1681 1694 1764 nimirum
1712 1674 1937 1792 telescopio

435 1792 631 1922 “M’''ssj
683 1797 826 1891 mobili
849 1821 1099 1912 congruente
1126 1824 1219 1881 cum
1244 1793 1366 1888 fixo,
1400 1799 1695 1912 &prioritate
1713 1796 1936 1882 direc'road

681 1926 861 2039 primum
888 1919 1096 2026 objectum
1111 1920 1322 2002 accurate,
1350 1909 1440 2028 ipso
1456 1917 1677 2028 quadrante
1691 1916 1848 1998 interea
1864 1917 1935 1998 im·

678 2058 824 2130 moto,
857 2031 1210 2146 &regulamobili
1238 2061 1309 2145 per
1337 2035 1420 2140 ejus
1441 2030 1612 2120 limbum
1623 2031 1931 2124 circumducta,

679 2158 764 2246 axis
778 2149 862 2268 ipse
885 2145 1096 2264 telescopii
1110 2148 1273 2236 mobilis
1300 2146 1477 2262 appellat
1506 2154 1692 2235 accurate
1723 2148 1776 2234 ad
1802 2146 1933 2234 secun·

678 2269 1021 2374 dumobJettum.
1053 2263 1101 2360 ld
1126 2288 1174 2351 ut
1200 2261 1542 2378 proximdlieret,
1579 2268 1680 2352 milri
1697 2267 1861 2378 quidem
1879 2265 1899 2352 l
1913 2317 1931 2336 -

679 2388 758 2476 cile
776 2385 927 2499 semper
944 2385 1152 2495 contigit,
1181 2413 1275 2470 cum
1300 2413 1373 2499 per
1399 2385 1622 2472 machinam
1654 2381 1843 2498 figuratas
1865 2386 1929 2472 ad-
2055 2489 2056 2500 Ν

675 2503 843 2598 modum
862 2497 980 2586 facile
998 2498 1109 2596 esset,
1122 2501 1226 2616 pede
1237 2525 1457 2618 utcumque
1472 2503 1723 2593 constituto,
1739 2532 1859 2615 quam
1881 2504 1929 2587 li·
2055 2575 2056 2588 t

676 2625 793 2718 beret
812 2615 1057 2735 positionem
1068 2619 1281 2735 quadranti
1300 2625 1477 2734 ptaebere
1494 2620 1641 2714 altero,
1660 2616 1933 2706 Observatore

679 2740 880 2852 dirigente
906 2734 1059 2850 semper
1093 2732 1359 2853 telescopium
1385 2739 1509 2828 lirum
1540 2740 1590 2825 ad
1625 2739 1789 2824 alterum
1813 2740 1931 2846 obje-

678 2862 818 2948 dtum,
847 2854 977 2942 altero
995 2849 1259 2970 telescupium
1277 2858 1430 2945 mobile
1444 2859 1495 2944 ad
1509 2855 1711 2949 alterum,
1738 2859 1932 2970 dumqui·

677 2976 737 3064 ris
752 2977 875 3060 etiarn
889 2973 1073 3060 Rusticus
1086 3002 1223 3062 arcum
1237 2977 1395 3068 KLMl,
1412 2976 1680 3062 &cochleam
1697 2971 1800 3089 ligat
1814 3001 1930 3060 manu

678 3115 846 3182 tenens,
872 3090 1188 3197 jameltvaret,
1213 3093 1294 3202 ja'm
1312 3092 1565 3208 deprimeret
1587 3095 1823 3209 quadrantis
1851 3123 1929 3178 mo·
2054 3199 2055 3210 ,

674 3211 757 3297 lem
777 3207 940 3302 excursu
955 3241 1069 3304 arcus
1085 3207 1203 3327 ipfius
1216 3241 1290 3324 pcr
1304 3241 1465 3300 trenam
1480 3217 1545 3302 D,
1576 3219 1707 3298 donec
1719 3211 1930 3297 haberetur

677 3330 864 3444 proxime
878 3327 1039 3441 quaesita
1056 3329 1208 3442 positio
1228 3390 1241 3424 ,
1272 3332 1384 3439 cujus
1403 3335 1632 3417 accuratior
1648 3328 1930 3417 determinatio

676 3447 941 3542 obtinebatur
956 3477 1036 3560 ope
1051 3445 1304 3546 cochlearum
1319 3453 1386 3538 YZ
1396 3445 1513 3536 fulcri
1531 3445 1666 3563 figurae
1689 3475 1740 3539 r,
1764 3474 1926 3562 quarum

673 3591 753 3655 una
767 3564 808 3650 in
823 3590 942 3649 unam
956 3589 1114 3679 partem
1140 3563 1350 3661 conversa,
1364 3591 1411 3653 ut
1435 3569 1633 3654 constaret
1654 3594 1729 3663 ,an
1750 3569 1784 3650 is
1797 3583 1925 3650 motus
2053 3639 2054 3666 ,

670 3677 867 3800 positioni
900 3705 1099 3772 accurata
1117 3679 1291 3776 faveret,
1319 3713 1368 3771 an
1384 3707 1692 3800 opponeretur,
1719 3683 1923 3771 continua·
2053 3747 2054 3750 a

672 3805 793 3887 batur
820 3797 1031 3890 converso
1061 3804 1103 3886 in
1129 3800 1296 3888 eandem
1344 3802 1501 3919 lagam,
1529 3802 1594 3888 vel
1610 3807 1651 3888 in
1671 3796 1922 3918 oppositam,

673 3918 805 4004 donec
821 3921 961 4032 primo
974 3917 1251 4008 observatore
1267 3833 1476 4034 teliscopii
1502 3917 1575 4010 fixi
1588 3949 1704 4008 axem
1729 3920 1928 4032 dirigente

672 4031 830 4150 semper
861 4037 911 4126 ad
969 4037 1112 4122 timum
1131 4039 1369 4143 objectum,
1396 4037 1587 4150 secundus
1614 4042 1772 4128 videret
1794 4033 1929 4120 secun·

660 4152 769 4242 ulum
786 4158 828 4240 in
844 4179 919 4240 axe
933 4067 991 4244 lii
1009 4150 1242 4268 telescopii.
1270 4159 1385 4242 Brevi
1401 4161 1622 4244 tentarnine
1642 4187 1715 4272 per
1728 4183 1849 4242 unam
1866 4151 1928 4239 vel

675 4268 844 4356 alteram
862 4270 1072 4360 cochleam
1099 4302 1160 4360 res
1189 4268 1404 4360 felicissime
1430 4271 1744 4388 perficiebatur,
1771 4298 1930 4360 necnos

671 4386 908 4480 ineoillam
930 4419 1106 4504 unquam
1132 4385 1412 4479 difficultatem
1438 4395 1595 4508 experti
1622 4389 1781 4485 sumus,
1812 4421 1926 4507 quam
2052 4469 2053 4478 t

671 4501 742 4590 alii
762 4505 843 4592 alia
865 4503 985 4594 fulcri
1000 4505 1128 4593 forma
1145 4504 1247 4622 saepe
1276 4513 1436 4626 experti
1464 4507 1555 4595 sunt
1571 4568 1584 4603 ,
1600 4539 1676 4598 nec
1691 4510 1777 4598 ulla
1790 4515 1927 4596 aderat

670 4619 874 4720 necessitas
900 4621 1139 4740 disponendi
1166 4626 1285 4740 pedes
1316 4625 1433 4715 fitlcri
1462 4649 1575 4714 certa
1600 4631 1778 4742 quadam
1809 4628 1924 4742 lege,

670 4739 785 4854 quod
798 4743 848 4828 ab
860 4740 945 4830 aliis
960 4740 1258 4857 prescribitur,
1290 4747 1336 4834 dt
1367 4747 1407 4830 in
1435 4744 1539 4834 locis
1551 4750 1789 4842 montanis,
1819 4744 1930 4832 saro·

673 4855 821 4971 sisque,
847 4888 893 4964 ac
909 4861 1122 4979 praeruptis
1135 4889 1218 4952 non
1231 4891 1325 4952 raro
1337 4887 1426 4955 etat
1441 4860 1621 4962 fittttmm
1648 4861 1743 4954 satis
1767 4872 1927 4952 incom-

665 4976 860 5067 modum.
1058 5073 1062 5081 ,
1699 4991 1930 5107 257.Qra·
