4144 5784
417 563 1121 690 -ouuurum
1337 591 1428 688 m

172 693 235 786 lo,
270 711 392 808 quem
411 711 669 774 ercuscuruae
694 701 894 772 tumurcu
916 682 1428 774 circuliolculetorircon·

169 810 343 896 eontinet
385 809 427 892 in
456 805 612 916 puncto
635 794 768 888 osculi
785 858 798 895 ,
813 799 944 890 nullus
969 799 1145 891 circulus
1173 801 1266 888 duci
1282 799 1427 918 poffit,

170 921 532 1040 quemadmodum,
552 939 599 1001 ut
616 915 800 1003 Eucliden
814 918 1120 1010 demonstrauit,
1141 921 1249 1004 inter
1260 919 1427 1012 redum,

169 1067 248 1152 quae
267 1034 467 1124 circulum
493 1034 627 1145 tungit
643 1087 656 1123 ,
671 1033 719 1119 δι
734 1061 871 1120 arcum
889 1033 1007 1149 ipfiur
1025 1033 1167 1121 circuli
1185 1041 1292 1120 intra
1305 1063 1432 1148 angu-

165 1153 268 1246 lum,
297 1179 419 1265 quem
436 1151 663 1235 continent
676 1150 719 1234 iu
729 1154 948 1244 centuria,
964 1152 1072 1238 nulle
1084 1149 1167 1236 ulie
1177 1154 1288 1237 redte
1297 1151 1433 1266 potest
1557 1229 1560 1235 .

170 1267 372 1357 interseri.
993 1271 996 1278 ’

184 1413 187 1422 ·
225 1407 321 1490 259.
359 1387 494 1470 Porro
517 1377 622 1468 illud
655 1380 942 1469 accuratillime
969 1412 1043 1498 per
1071 1384 1584 1479 Geometriamdemnom,
1604 1439 1672 1495 qn.

171 1500 380 1592 monstrari
397 1497 565 1613 potest,
595 1518 645 1584 ut
668 1521 816 1610 quarto
834 1528 1017 1586 meorum
1034 1499 1334 1588 Elementorum
1365 1527 1432 1590 to·
1443 1502 1506 1556 '⁸⁸¹³
1526 1505 1675 1573 Wl‘*

169 1649 236 1706 mo
278 1613 564 1700 demonstrabo
593 1669 607 1707 ,
649 1613 805 1700 nullum
835 1615 908 1701 elle
934 1643 1070 1702 ereum
1094 1643 1229 1703 curvae
1256 1615 1431 1722 cujusvis
1441 1595 1551 1714 3:2⁸⁸
1555 1591 1675 1706 ffii:

175 1733 415 1820 continuum
445 1784 458 1821 ,
487 1731 625 1842 inquo
642 1757 724 1818 non
748 1723 875 1815 adfine
900 1731 1057 1836 infinite
1069 1729 1601 1865 ριιιιόίιιεἰπειιιιιιιιῖἐιζ*ἐξἰ
1631 1745 1686 1784 ‘'¹‘'

173 1846 444 1938 osculatorem
483 1845 699 1938 habentia,
725 1850 773 1934 dt
798 1846 899 1932 licet
928 1846 971 1928 in
998 1849 1159 1961 punctis
1189 1845 1430 1960 quibusdum
1517 1827 1540 1864 ⁰
1610 1831 1623 1857 ‘

173 1989 410 2051 curvarum,
442 1987 529 2073 quer
543 1987 621 2073 ego
636 1960 817 2048 anomala
826 1963 991 2076 apello,
1008 1959 1132 2078 poffit
1142 1961 1277 2047 nullus
1291 1962 1434 2048 haberi

173 2076 379 2167 osculator
392 2077 596 2167 circulus,
624 2082 841 2163 curvamen
853 2105 1015 2165 omnem
1025 2077 1264 2163 circularem
1293 2107 1437 2164 ‹curua-

179 2219 312 2282 turum
328 2191 575 2281 excedente,
596 2190 659 2278 vel
673 2191 891 2280 deficiente
903 2196 1076 2308 aquavir
1086 2193 1275 2280 circulari
1291 2223 1435 2281 curun·

177 2335 298 2401 ture;
328 2335 375 2392 ee
404 2327 537 2391 tamen
558 2313 709 2422 puneta
724 2309 910 2396 anomale
930 2337 1011 2399 non
1021 2305 1186 2424 poliunt
1200 2308 1273 2396 effe
1286 2311 1436 2424 ubique

178 2432 221 2515 in
247 2450 342 2506 arcu
369 2425 788 2537 continuoutcunque
815 2431 994 2540 exiguo,
1023 2426 1091 2512 sed
1111 2425 1263 2513 debent
1291 2427 1437 2511 distare

177 2537 254 2631 ase
269 2541 442 2622 invicem
465 2541 556 2630 ite,
587 2564 648 2625 ut·
669 2539 776 2624 inter
804 2542 899 2626 bine
921 2541 1072 2652 quaeuis
1093 2595 1106 2627 ,
1131 2569 1224 2648 quae
1250 2536 1289 2620 se
1302 2543 1443 2649 proxi·

178 2665 246 2746 rne
277 2657 488 2766 excipiunt
519 2658 661 2739 ornnie
682 2657 834 2766 pundlr
857 2653 1056 2736 circulum
1081 2649 1355 2735 osculatorern
1377 2652 1443 2734 ha·

176 2777 306 2861 beant
324 2766 463 2862 suum;
488 2795 535 2851 ec
550 2767 650 2850 dum
681 2769 724 2848 in
747 2793 801 2850 eo
821 2795 918 2852 areu
949 2767 1186 2880 concipitur
1211 2768 1439 2880 pontium,
1492 2777 1499 2826 ¹

175 2886 364 3005 quodvis,
377 2881 490 2996 quod
504 2880 554 2966 ad
568 2878 1011 2970 ulterumexnnomalir
1023 2882 1194 2967 accedet
1208 2903 1330 2966 motu
1342 2909 1444 2967 con·

174 3010 324 3093 tiouo,
351 3021 533 3084 mutetur
544 2999 668 3083 etium
681 2999 1120 3085 continuumuturioue
1135 2997 1269 3085 radius
1281 2994 1440 3083 oscule-

174 3121 288 3209 toris
305 3115 451 3199 circuli
474 3175 487 3208 ‚
514 3116 643 3228 qui&
667 3116 799 3199 rudius
820 3113 949 3202 osculi
974 3115 1156 3208 dicitur,
1178 3114 1251 3228 qui
1273 3115 1440 3228 quidem

180 3233 250 3322 vel
281 3229 516 3321 evanescit,
545 3225 609 3314 vel
637 3225 900 3316 ininfinitum
927 3224 1152 3323 excrescit,
1180 3231 1251 3316 ubi
1281 3231 1442 3344 idpun·

180 3355 297 3438 mum
316 3345 465 3430 recidit
479 3349 520 3428 in
537 3345 772 3430 ulterunrex
786 3345 864 3430 illie
874 3345 1094 3433 anomalis.

249 3474 348 3548 260.
381 3463 747 3549 Demonstretur&
763 3459 892 3552 illud,
909 3463 1576 3575 inquauircuruueentrumcm
1600 3471 1683 3529 ,mu

181 3574 608 3670 circuliosculutorir,
637 3573 885 3693 liquodest,
910 3577 1040 3665 effein
1054 3583 1163 3664 reeta
1187 3577 1363 3666 normali
1385 3555 1611 3694 adhfffl'
1650 3551 1683 3680 ³¹:

180 3723 352 3788 curvem
365 3691 620 3811 ipsamduera
631 3723 704 3806 per
716 3699 916 3893 fundum
928 3691 1085 3784 osculi,
1103 3717 1151 3780 ut
1162 3694 1209 3778 δι
1223 3691 1340 3783 illud,
1352 3721 1441 3778 om·
1454 3711 1597 3778 perimo,
1618 3721 1684 3761 ‘¹0-

179 3819 258 3902 nia
269 3836 405 3898 centre
416 3811 664 3900 circulorum
684 3843 713 3899 o
733 3809 1108 3898 celatorumeurrae
1122 3806 1295 3915 cujusvis
1307 3807 1383 3893 elle
1396 3809 1439 3891 in
1454 3785 1535 3860 tuo,

179 3959 312 4020 curva
322 3935 405 4037 ejus
418 3927 612 4018 evoluta,
641 3929 710 4012 cui
731 3929 922 4014 nimirum
943 3922 1227 4012 fiaduoluatur
1244 3926 1355 4032 justae
1369 3953 1441 4009 cu·

178 4041 344 4158 jusdem
358 4043 624 4158 longitudinis
635 4039 749 4129 filum
766 4041 1082 4154 ,evolvaturque
1101 4040 1245 4152 ,prior
1266 4041 1336 4126 illa
1347 4066 1441 4122 cur·

187 4191 246 4249 vu
268 4181 502 4272 genereture
535 4181 621 4243 ute
645 4159 853 4244 contrario
877 4157 1053 4240 ficurvae
1066 4150 1288 4268 cujuspiam
1302 4152 1440 4242 evolu-

193 4279 314 4365 tione
328 4271 543 4359 nliecurna
555 4298 788 4387 generetur,
802 4275 952 4356 renem
965 4290 1197 4381 tangentem
1208 4297 1442 4384 quemcum-

188 4420 276 4507 que
291 4389 468 4476 evolutae
483 4385 572 4472 fore
589 4386 816 4471 normalem
826 4386 1003 4500 genitae,
1027 4385 1074 4471 ἃ
1086 4383 1173 4490 ejus
1191 4383 1442 4499 segmentum

190 4513 307 4593 inter
334 4502 569 4593 euolutam,
595 4505 642 4588 dt
667 4503 845 4616 genitam
870 4505 1141 4616 interceptum
1166 4495 1254 4588 fore
1284 4503 1442 4587 rudium

188 4617 340 4712 circuli
352 4619 569 4708 eludentis
581 4619 763 4734 genitum
776 4621 818 4701 in
835 4620 918 4724 ejus
930 4615 1235 4708 coneurlueum
1247 4615 1333 4732 ipsu
1345 4669 1358 4705 ,
1371 4643 1445 4699 eu·

781 4738 988 4846 Pppn
1379 4731 1443 4837 im
