4178 5748
520 537 1072 632 SECUNDUMv
1346 575 1426 648 ιη

171 652 483 776 pendiculumin
501 657 647 746 Lirnbo
663 658 855 751 radebat,
871 658 1400 752 ditifionitveruminitium
1417 719 1431 757 ,

171 805 216 862 ac
230 770 405 889 proinde
427 803 607 860 errorem
621 778 866 898 Quadrantis
896 781 1224 868 demonstrabat.
1256 781 1350 869 Erat
1364 813 1431 868 au·

172 914 252 978 tem
264 892 430 978 Limbus
444 919 526 978 non
540 894 582 974 in
596 895 741 1006 gradus
754 896 951 984 duntaxat
965 927 1020 1001 90
1034 892 1181 983 divisus
1196 957 1209 989 ‚
1225 893 1292 982 sed
1306 901 1347 982 in
1361 927 1432 986 eor
1579 903 1584 911 ’

172 1010 326 1102 etiam,
357 1035 461 1121 quos
474 1009 567 1095 hinc
583 1010 695 1096 illiue
707 1009 815 1098 ultra
828 1044 923 1104 eum
932 1039 1143 1100 numerum
1156 1015 1400 1104 admittebat
1418 1083 1430 1105 .

229 1157 269 1240 3.
316 1129 450 1214 Venio
475 1157 579 1214 nuuc
603 1130 652 1214 ad
679 1135 924 1228 sectorem,
971 1133 1041 1246 qui
1068 1155 1115 1216 ut
1148 1127 1326 1244 superius
1364 1135 1428 1217 di·
1447 1171 1485 1222 ne
1502 1167 1621 1228 setun.

168 1246 375 1334 t⁰tumelb
407 1273 554 1332 novem
580 1246 702 1336 Pedes
713 1245 940 1336 Parilienses
967 1245 1232 1362 longusfuit.
1265 1252 1434 1338 Consta·
1482 1253 1490 1260 ”

167 1362 240 1446 bat
253 1385 387 1450 autem
406 1365 543 1452 nario
558 1363 715 1453 ferreo,
748 1367 795 1453 δι
809 1362 956 1452 lamini
970 1359 1186 1452 transverti
1214 1371 1251 1450 ei
1269 1397 1436 1484 perpen-

168 1476 405 1568 diculariter
420 1478 624 1596 coaptati.
642 1483 749 1568 Huic
759 1477 1041 1600 superindudta
1051 1505 1138 1570 erat
1153 1483 1311 1571 lamella
1327 1513 1435 1573 aenea

166 1595 267 1683 bene
282 1597 495 1712 laevigata,
527 1603 639 1707 cujus
652 1597 816 1713 planum
831 1629 903 1716 per
919 1601 1023 1688 radii
1037 1625 1220 1688 centrum
1248 1627 1440 1690 accurate*

167 1710 542 1804 tranfibat.Eidem
555 1745 628 1832 per
642 1715 819 1804 medium
833 1716 1047 1804 secundum
1061 1715 1357 1833 longitudinem
1371 1747 1437 1805 ex·

176 1855 333 1918 caratae
348 1830 492 1917 inserta
508 1853 595 1918 erat
608 1831 737 1919 altera
750 1831 912 1919 lamella
936 1861 1042 1918 aeuea
1057 1863 1137 1948 ope
1158 1832 1333 1921 cochleae
1344 1867 1434 1922 mo·

169 1945 293 2038 bilis,
326 1951 437 2056 cujus
451 1947 696 2064 longitudo,
715 1955 831 2064 (quae
846 1953 960 2036 unius
994 1950 1108 2064 pedis
1123 1947 1196 2034 elle
1211 1950 1433 2044 debuerat,
1500 1989 1504 1992 ·

166 2061 236 2150 sed
251 2086 298 2152 ut
313 2068 594 2182 experimento
607 2064 897 2180 deprehensum
909 2063 1120 2182 est,paullo
1136 2065 1227 2178 plus
1239 2095 1358 2182 quam
1370 2072 1433 2158 bit

165 2177 377 2270 millesima
406 2180 463 2268 sui
478 2205 593 2296 parte
618 2185 668 2270 ab
696 2213 742 2270 ea
759 2179 939 2271 mensura
963 2181 1210 2285 deficiebat)
1241 2188 1283 2270 in
1296 2187 1434 2302 parter

164 2295 705 2416 duas&leptuagintainter
733 2296 770 2386 le
782 2301 951 2416 aequales
964 2298 1247 2390 dividebatur.
1277 2306 1339 2389 Ita
1364 2305 1434 2390 de·

163 2439 278 2500 mum
293 2412 439 2506 fiebat,
471 2438 518 2503 ut
530 2418 690 2531 quoties
704 2414 818 2503 filum
831 2412 1164 2534 perpendiculare
1182 2416 1352 2507 limbum
1369 2452 1433 2508 ra·

163 2528 434 2624 debat‚toties
449 2559 567 2621 motu
579 2533 755 2620 cochleae
770 2561 849 2622 uua
862 2564 912 2622 er
925 2529 1186 2640 divilionibus
1200 2535 1278 2624 illis
1292 2537 1431 2626 fiload

164 2649 343 2740 amuffim
371 2647 605 2741 admouerii
638 2681 685 2738 ac
711 2648 988 2740 conversiones
1017 2647 1217 2758 ejusdem,
1250 2681 1432 2742 necnon

162 2790 302 2878 partes
318 2767 624 2859 conversionum
638 2769 837 2856 numerari
852 2765 1009 2882 possent
1029 2835 1038 2853 .
1057 2773 1312 2882 Unaquaeque
1325 2773 1433 2856 enim

164 2883 406 2979 conrado,
436 2912 563 3000 prout
580 2890 620 2974 in
635 2887 908 2973 Micrometris
922 2881 1008 2972 fieti
1025 2882 1128 2971 solet
1143 2942 1155 2976 ,
1188 2884 1355 2972 circello
1373 2909 1434 2970 at·

161 3025 244 3110 que
264 3003 399 3088 indice
413 3005 573 3110 adjecto
599 3005 640 3086 in
655 3023 988 3118 putrescentum‚
1018 3005 1063 3087 bc
1077 3005 1291 3115 octoginta
1305 3003 1433 3086 distri·

163 3117 369 3203 buebatur
388 3187 397 3202 .
430 3123 504 3202 11ae
519 3145 654 3204 autern
668 3141 827 3230 partes,
854 3147 942 3229 quae
959 3175 970 3208 ‚
988 3139 1034 3202 ut
1049 3139 1165 3227 patet
1181 3173 1192 3207 ‚
1209 3147 1291 3202 non
1304 3118 1352 3202 ad
1367 3145 1436 3231 pe-

161 3232 392 3342 ripheriam
417 3231 605 3328 circuli,
635 3230 702 3318 sed
720 3232 769 3317 ad
783 3235 864 3340 ejus
891 3253 1120 3347 tangentem
1150 3235 1434 3346 pertinebant.

160 3345 371 3454 ejusmodi
387 3371 526 3440 erant,
561 3373 608 3438 ut
620 3379 705 3465 quo
715 3347 813 3435 loco
827 3374 990 3464 tangens
1003 3377 1093 3434 cum
1111 3349 1435 3435 circumferentia

160 3465 459 3555 concidebat,
493 3494 544 3551 eo
562 3491 724 3554 centum
738 3493 859 3581 atque
872 3464 1032 3582 insuper
1044 3495 1122 3553 una
1138 3469 1183 3552 dt
1209 3462 1435 3581 septuagin-

166 3601 210 3664 ta
227 3610 324 3668 curn
336 3581 513 3670 dimidio
525 3613 647 3671 unum
661 3589 864 3670 minutum
877 3585 1052 3698 primum
1067 3578 1314 3670 conficerent
1331 3647 1339 3666 .
1372 3585 1434 3668 Ita

167 3723 307 3786 earum
326 3697 406 3788 fere
423 3724 500 3788 tres
516 3700 565 3786 acl
578 3698 726 3816 fingula
738 3700 891 3788 minuta
903 3696 1072 3785 secunda
1098 3701 1404 3812 requirebantur
1421 3767 1431 3786 .

163 3813 312 3906 Tubur
325 3821 501 3934 Opticus
518 3819 709 3905 sertorii
728 3843 846 3932 tergo
861 3819 1034 3909 additus,
1048 3811 1224 3923 ejusdem
1237 3839 1325 3903 erat
1340 3847 1434 3905 curn

174 3935 340 4024 sectore
360 3936 657 4052 longitudinis,
689 3939 735 4023 δι
759 3937 858 4022 Axis
883 3929 989 4019 illius
1015 3961 1108 4020 cum
1121 3932 1244 4050 plano
1256 3939 1432 4024 Sestoria

165 4077 289 4162 quam
308 4057 503 4168 proxime.
513 4057 787 4168 congruebat.

228 4199 272 4268 4
306 4171 515 4286 Suspenlio
532 4175 706 4260 rectoris
719 4173 846 4260 nostri
858 4168 1075 4257 firmillima
1088 4168 1326 4261 fuit‚itaut
1340 4167 1430 4287 poll
1445 4236 1483 4286 „e
1507 4225 1678 4302 crurium·

167 4281 527 4404 horarcomplurea
554 4320 644 4376 eum
674 4293 716 4372 in
741 4289 890 4378 eodem
918 4282 995 4374 fitu
1022 4286 1184 4405 prorsus
1210 4292 1428 4375 immotum
1443 4309 1534 4366 none·

172 4428 260 4488 non
302 4405 419 4496 semel
448 4407 732 4496 offenderimus
762 4463 773 4498 ,
808 4407 850 4489 id
876 4406 987 4521 quod
1012 4405 1149 4491 eadem
1182 4412 1331 4522 punda
1358 4403 1431 4490 filo

163 4523 492 4635 perpendiculari
518 4529 742 4611 etiamnum
759 4525 922 4611 obtec‘ia
935 4523 1286 4614 demonstrabant.
1316 4527 1431 4609 Hanc

164 4637 204 4720 ei
217 4635 458 4732 firmitatem
485 4641 734 4730 conciliabat
761 4642 855 4730 binc
873 4643 1040 4731 cochlea
1067 4641 1199 4729 fulcro
1228 4636 1432 4724 immobili

164 4754 372 4852 inserta&
395 4767 441 4848 in
462 4761 585 4879 plano
612 4761 829 4848 Meridiani
855 4759 1092 4856 collocata,
1118 4763 1187 4848 cui
1202 4761 1346 4844 sector
1380 4755 1438 4838 in·

1326 4899 1438 4958 cum·
