4156 5752
151 645 169 678 f.
458 571 1086 666 TERTIUM.
1246 593 1384 678 ,τε

160 693 340 784 tulisset,
372 690 476 779 faeta
495 689 579 777 illic
594 694 711 800 juxta
729 723 806 784 ea,
836 723 923 808 quae
940 721 1199 789 monueram,
1231 608 1416 784 observes

159 811 299 904 tione,
329 809 491 926 prodiit
502 807 712 924 aliquanto
736 815 958 898 correctior
975 809 1058 896 loci
1072 817 1156 921 ejus
1171 802 1415 900 determinass

151 938 245 1023 tio,
275 928 966 1044 quamquaeinTabulaexbibetur,
998 957 1043 1012 ea
1058 931 1245 1016 nimirum
1261 987 1273 1020 ,
1291 957 1413 1044 quam

157 1054 198 1136 in
224 1048 336 1131 calce
365 1047 479 1150 hujus
507 1042 807 1134 Dissertationis
832 1047 1012 1132 eruditus
1035 1051 1181 1134 tenor
1206 1049 1410 1160 reperiet-

157 1165 233 1256 Sed
251 1189 383 1251 tamen
401 1162 600 1275 quidquid
613 1165 774 1248 demum
799 1164 845 1244 in
858 1164 986 1248 tribus
999 1159 1105 1247 hisce
1131 1163 1296 1250 urbibus
1316 1190 1414 1278 pro·

155 1309 251 1401 pter
264 1277 590 1368 observationum
613 1283 819 1396 penuriam
844 1281 885 1362 in
900 1278 1042 1366 debito
1069 1277 1144 1365 stu
1166 1277 1418 1366 collocandis

156 1391 316 1514 peccari
339 1397 592 1510 contigerit.
622 1398 665 1480 id
686 1425 808 1482 omne
823 1401 1061 1510 propediem
1089 1396 1244 1484 abunde
1260 1394 1418 1512 supple-

158 1521 224 1603 bit
241 1541 347 1602 nora
370 1513 824 1626 UrbinatisLegationi'r
837 1513 1017 1604 Tabula,
1047 1541 1165 1626 quam
1181 1509 1208 1596 li
1225 1519 1334 1598 Deru
1358 1515 1417 1598 vi-

157 1663 248 1724 res,
281 1657 326 1715 ac
344 1632 471 1715 vitam
497 1627 817 1744 suppeditaverit
833 1641 844 1720 ‚'
877 1631 1070 1716 institutis
1100 1632 1149 1714 ad
1166 1659 1255 1716 enm
1273 1656 1360 1714 rem·
1376 1633 1418 1712 in

158 1748 264 1836 locis
276 1748 670 1859 opportunioribus,
698 1773 786 1860 quae
800 1773 906 1830 nunc
919 1750 1049 1859 probe
1063 1745 1416 1860 perspediatenem

159 1865 359 1948 accuratis
382 1858 766 1954 observationibus,
798 1866 1093 1974 quamprimum
1118 1861 1418 1947 describendam

157 1979 341 2064 institui.
374 1979 436 2060 lta
458 1981 564 2063 enim
583 2003 665 2061 non
690 1977 773 2063 bac
790 1973 925 2062 solum
939 1973 1063 2069 loca,
1096 1977 1161 2064 sed
1191 1980 1314 2063 etiam
1342 1978 1421 2060 alia

155 2091 370 2207 complura
387 2095 429 2176 in
441 2091 595 2178 Tabula
619 2091 793 2216 generali
809 2094 959 2206 partim
972 2121 1055 2178 non
1071 2090 1166 2178 satis
1190 2116 1307 2178 certo
1323 2091 1421 2177 defi·

158 2215 251 2296 nita
263 2263 288 2298 ‚—
309 2207 455 2323 partim
470 2211 640 2296 omnino
654 2205 910 2323 pretermissa
922 2237 1059 2296 verum
1074 2207 1186 2320 lirum
1199 2205 1315 2294 stum
1329 2215 1422 2292 nan·

159 2322 383 2414 ciscmtur.

217 2469 281 2530 21.
314 2439 556 2528 Clarissmus
568 2441 800 2529 blanchinus
828 2469 878 2526 ex
893 2435 1416 2530 observationibus'urbini
1430 2447 1661 2540 ”salabbim

157 2557 274 2650 fanis
304 2558 573 2646 iuuenum
601 2558 691 2646 ron
722 2562 764 2644 in
792 2557 935 2646 eadem
961 2560 1059 2644 urbe
1101 2561 1242 2646 statuit
1282 2523 1596 2658 ειυίἔίἱῖῖῗὲἳὲ
1614 2547 1663 2660 n:

204 2674 269 2762 od.
283 2703 355 2788 43,
372 2731 386 2766 2
412 2677 507 2761 min.
523 2691 593 2776 48.
609 2672 684 2763 sec.
707 2704 808 2786 μ,
835 2704 954 2788 quam
967 2674 1132 2786 quidem
1148 2675 1420 2792 Altitudincm
1432 2674 1525 2730 filiu·

171 2789 234 2880 ese
253 2823 302 2880 ex
313 2799 529 2880 Gnomone
541 2793 582 2876 in
602 2791 697 2876 AEde
713 2797 750 2878 S.
771 2789 965 2878 Francisci
982 2797 1189 2882 ernnusto,
1205 2793 1316 2895 cnjus
1329 2785 1421 2872 lon-

155 2910 308 3025 gitudo
321 2909 550 2996 Gnomonis
567 2907 811 2996 Clementini
829 2901 1082 3020 sesquialtera
1096 2903 1199 2996 suit,
1228 2905 1420 3018 adeptum

154 3024 236 3111 esse
269 3027 460 3114 testatur.
491 3023 703 3112 Consonat
717 3025 810 3112 huic
824 3021 1152 3110 determinationi
1168 3021 1295 3120 altera
1313 3047 1420 3133 qure-

153 3141 531 3252 dnmopeSedioris
549 3140 672 3254 lignei
700 3139 807 3226 illius
832 3139 998 3252 quidem
1023 3194 1034 3226 ‚
1064 3131 1129 3222 sed
1144 3161 1190 3222 ut
1204 3137 1308 3224 idem
1330 3133 1420 3220 asse·

152 3261 241 3348 rit,
271 3253 996 3370 affabredirifidtD'roptrarumloco
1025 3253 1144 3339 Tubo
1172 3256 1329 3366 Optico
1360 3255 1421 3336 in-

153 3371 301 3458 llrudti
317 3429 330 3466 ,
346 3367 470 3484 paulo
484 3395 576 3458 ante
590 3377 788 3462 obtenta,
817 3397 903 3485 qun
918 3372 1018 3456 Loci
1034 3369 1311 3456 Latitudinem
1323 3397 1422 3484 qua·-¹

156 3491 333 3576 tuor&
363 3488 509 3601 viginti
538 3489 717 3576 secundis
747 3491 940 3594 majorem
970 3487 1173 3574 exbibet.
1220 3490 1421 3598 Iraque.»

99 3627 105 3640 ’
154 3601 391 3694 observatio
405 3602 531 3694 altera
553 3603 722 3692 alteram
748 3603 937 3720 preclare
962 3599 1198 3692 confirmare
1226 3605 1418 3694 videtur,

37 3763 43 3776 ·
156 3721 437 3836 utquiilllraec
464 3720 636 3837 legerit,
667 3721 716 3805 de
729 3724 786 3805 rei
801 3723 975 3809 veritate
988 3721 1174 3812 dubitare
1189 3723 1259 3806 vix
1274 3719 1419 3831 pollit.

154 3845 260 3938 ‚Non
277 3842 385 3934 enim
403 3835 535 3924 solum
551 3839 703 3927 duabus
720 3839 871 3924 uicibus
887 3832 1060 3950 idipsum
1076 3833 1157 3925 sere
1187 3831 1421 3922 conclusum

157 3955 375 4049 habemus,
409 3953 478 4040 sed
504 3955 617 4074 quod
644 3980 768 4070 caput
796 3955 879 4046 est,
904 3952 1063 4042 duobus
1096 3953 1227 4040 modis
1249 3954 1352 4048 inter
1382 3947 1421 4035 se

160 4069 528 4163 maximediuetlir.
670 4074 834 4190 quidem
852 4073 960 4159 ratio
984 4099 1047 4158 me
1074 4065 1266 4270 impulit,
1291 4095 1338 4155 ut
1358 4097 1422 4152 an·

162 4209 323 4299 tequam
335 4219 386 4280 eo
402 4221 466 4278 mc
482 4219 609 4284 contu
627 4192 765 4285 issem,
792 4191 885 4276 huic
900 4184 1104 4274 sententiae
1150 4215 1198 4270 ne
1212 4183 1293 4270 ulla
1307 4215 1424 4298 pror-

160 4299 223 4386 sus
237 4307 491 4397 dubitatione
505 4309 816 4398 subscriberem.
843 4308 1037 4393 Vixeniro
1051 4301 1246 4394 credibile
1263 4305 1428 4390 videba-

133 4521 136 4528 Δ
159 4443 259 4513 tur,
292 4451 338 4510 ur
356 4451 447 4510 cum
461 4429 502 4512 in
521 4429 649 4516 altera
663 4425 945 4513 observatione
956 4451 1077 4509 omne
1093 4419 1173 4508 fere
1186 4423 1332 4509 erroris
1353 4449 1443 4535 pe·.

160 4540 798 4657 riculumexvitiosaTelescopii
827 4533 1057 4658 positione,
1087 4537 1332 4628 inalteraex
1351 4565 1422 4651 pa·

157 4661 327 4748 vimerti
342 4661 603 4752 inclinatione
616 4657 883 4778 repetendum·
900 4657 1020 4750 esset,
1052 4682 1264 4770 utromque
1282 4657 1426 4740 borum

161 4811 333 4886 aveto,
368 4785 415 4869 δι
440 4783 671 4896 aequaliter,
703 4784 746 4867 δε
777 4778 826 4866 ad
849 4769 1005 4866 easdem
1031 4801 1164 4896 patres
1196 4777 1423 4976 obugaret..

1328 4916 1430 4976 mnr-
